@inproceedings{DBLP:conf/cvpr/VedantamZP15,
  author    = {Ramakrishna Vedantam and
               C. Lawrence Zitnick and
               Devi Parikh},
  title     = {CIDEr: Consensus-based image description evaluation},
  booktitle = {{IEEE} Conference on Computer Vision and Pattern Recognition, {CVPR}
               2015, Boston, MA, USA, June 7-12, 2015},
  pages     = {4566--4575},
  year      = {2015},
  crossref  = {DBLP:conf/cvpr/2015},
  url       = {https://doi.org/10.1109/CVPR.2015.7299087},
  doi       = {10.1109/CVPR.2015.7299087},
  timestamp = {Thu, 25 May 2017 00:41:14 +0200},
  biburl    = {https://dblp.org/rec/bib/conf/cvpr/VedantamZP15},
  bibsource = {dblp computer science bibliography, https://dblp.org}
}

@proceedings{DBLP:conf/cvpr/2015,
  title     = {{IEEE} Conference on Computer Vision and Pattern Recognition, {CVPR}
               2015, Boston, MA, USA, June 7-12, 2015},
  publisher = {{IEEE} Computer Society},
  year      = {2015},
  url       = {http://ieeexplore.ieee.org/xpl/mostRecentIssue.jsp?punumber=7293313},
  isbn      = {978-1-4673-6964-0},
  timestamp = {Thu, 28 Apr 2016 10:52:27 +0200},
  biburl    = {https://dblp.org/rec/bib/conf/cvpr/2015},
  bibsource = {dblp computer science bibliography, https://dblp.org}
}

