@inproceedings{DBLP:conf/wmt/Popovic15,
  author    = {Maja Popovic},
  title     = {chrF: character n-gram F-score for automatic {MT} evaluation},
  booktitle = {Proceedings of the Tenth Workshop on Statistical Machine Translation,
               WMT@EMNLP 2015, 17-18 September 2015, Lisbon, Portugal},
  pages     = {392--395},
  year      = {2015},
  crossref  = {DBLP:conf/wmt/2015},
  url       = {http://aclweb.org/anthology/W/W15/W15-3049.pdf},
  timestamp = {Wed, 14 Sep 2016 09:16:03 +0200},
  biburl    = {https://dblp.org/rec/bib/conf/wmt/Popovic15},
  bibsource = {dblp computer science bibliography, https://dblp.org}
}

@proceedings{DBLP:conf/wmt/2015,
  title     = {Proceedings of the Tenth Workshop on Statistical Machine Translation,
               WMT@EMNLP 2015, 17-18 September 2015, Lisbon, Portugal},
  publisher = {The Association for Computer Linguistics},
  year      = {2015},
  url       = {http://aclweb.org/anthology/W/W15/},
  isbn      = {978-1-941643-32-7},
  timestamp = {Wed, 14 Sep 2016 09:16:03 +0200},
  biburl    = {https://dblp.org/rec/bib/conf/wmt/2015},
  bibsource = {dblp computer science bibliography, https://dblp.org}
}

