@INPROCEEDINGS{Snover06astudy,
    author = {Matthew Snover and Bonnie Dorr and Richard Schwartz and Linnea Micciulla and John Makhoul},
    title = {A Study of Translation Edit Rate with Targeted Human Annotation},
    booktitle = {In Proceedings of the 7th Conference of the Association for Machine Translation in the Americas (AMTA},
    year = {2006},
    pages = {223--231}
}
