@article{DBLP:journals/corr/SongYLZZ16,
  author    = {Yiping Song and
               Rui Yan and
               Xiang Li and
               Dongyan Zhao and
               Ming Zhang},
  title     = {Two are Better than One: An Ensemble of Retrieval- and Generation-Based
               Dialog Systems},
  journal   = {CoRR},
  volume    = {abs/1610.07149},
  year      = {2016},
  url       = {http://arxiv.org/abs/1610.07149},
  archivePrefix = {arXiv},
  eprint    = {1610.07149},
  timestamp = {Wed, 06 Mar 2019 07:05:24 +0100},
  biburl    = {https://dblp.org/rec/bib/journals/corr/SongYLZZ16},
  bibsource = {dblp computer science bibliography, https://dblp.org}
}

