@inproceedings{DBLP:conf/aaai/SerbanSBCP16,
  author    = {Iulian Vlad Serban and
               Alessandro Sordoni and
               Yoshua Bengio and
               Aaron C. Courville and
               Joelle Pineau},
  title     = {Building End-To-End Dialogue Systems Using Generative Hierarchical
               Neural Network Models},
  booktitle = {Proceedings of the Thirtieth {AAAI} Conference on Artificial Intelligence,
               February 12-17, 2016, Phoenix, Arizona, {USA.}},
  pages     = {3776--3784},
  year      = {2016},
  crossref  = {DBLP:conf/aaai/2016},
  url       = {http://www.aaai.org/ocs/index.php/AAAI/AAAI16/paper/view/11957},
  timestamp = {Wed, 05 Apr 2017 12:53:50 +0200},
  biburl    = {https://dblp.org/rec/bib/conf/aaai/SerbanSBCP16},
  bibsource = {dblp computer science bibliography, https://dblp.org}
}

@proceedings{DBLP:conf/aaai/2016,
  editor    = {Dale Schuurmans and
               Michael P. Wellman},
  title     = {Proceedings of the Thirtieth {AAAI} Conference on Artificial Intelligence,
               February 12-17, 2016, Phoenix, Arizona, {USA}},
  publisher = {{AAAI} Press},
  year      = {2016},
  url       = {http://www.aaai.org/Library/AAAI/aaai16contents.php},
  isbn      = {978-1-57735-760-5},
  timestamp = {Wed, 05 Apr 2017 12:53:50 +0200},
  biburl    = {https://dblp.org/rec/bib/conf/aaai/2016},
  bibsource = {dblp computer science bibliography, https://dblp.org}
}

