@inproceedings{DBLP:conf/cikm/SordoniBVLSN15,
  author    = {Alessandro Sordoni and
               Yoshua Bengio and
               Hossein Vahabi and
               Christina Lioma and
               Jakob Grue Simonsen and
               Jian{-}Yun Nie},
  title     = {A Hierarchical Recurrent Encoder-Decoder for Generative Context-Aware
               Query Suggestion},
  booktitle = {Proceedings of the 24th {ACM} International Conference on Information
               and Knowledge Management, {CIKM} 2015, Melbourne, VIC, Australia,
               October 19 - 23, 2015},
  pages     = {553--562},
  year      = {2015},
  crossref  = {DBLP:conf/cikm/2015},
  url       = {https://doi.org/10.1145/2806416.2806493},
  doi       = {10.1145/2806416.2806493},
  timestamp = {Tue, 06 Nov 2018 16:57:38 +0100},
  biburl    = {https://dblp.org/rec/bib/conf/cikm/SordoniBVLSN15},
  bibsource = {dblp computer science bibliography, https://dblp.org}
}

@proceedings{DBLP:conf/cikm/2015,
  editor    = {James Bailey and
               Alistair Moffat and
               Charu C. Aggarwal and
               Maarten de Rijke and
               Ravi Kumar and
               Vanessa Murdock and
               Timos K. Sellis and
               Jeffrey Xu Yu},
  title     = {Proceedings of the 24th {ACM} International Conference on Information
               and Knowledge Management, {CIKM} 2015, Melbourne, VIC, Australia,
               October 19 - 23, 2015},
  publisher = {{ACM}},
  year      = {2015},
  url       = {http://dl.acm.org/citation.cfm?id=2806416},
  isbn      = {978-1-4503-3794-6},
  timestamp = {Mon, 07 Nov 2016 10:02:17 +0100},
  biburl    = {https://dblp.org/rec/bib/conf/cikm/2015},
  bibsource = {dblp computer science bibliography, https://dblp.org}
}

