@inproceedings{DBLP:conf/aaai/SerbanKTTZBC17,
  author    = {Iulian Vlad Serban and
               Tim Klinger and
               Gerald Tesauro and
               Kartik Talamadupula and
               Bowen Zhou and
               Yoshua Bengio and
               Aaron C. Courville},
  title     = {Multiresolution Recurrent Neural Networks: An Application to Dialogue
               Response Generation},
  booktitle = {Proceedings of the Thirty-First {AAAI} Conference on Artificial Intelligence,
               February 4-9, 2017, San Francisco, California, {USA.}},
  pages     = {3288--3294},
  year      = {2017},
  crossref  = {DBLP:conf/aaai/2017},
  url       = {http://aaai.org/ocs/index.php/AAAI/AAAI17/paper/view/14571},
  timestamp = {Mon, 06 Mar 2017 11:36:24 +0100},
  biburl    = {https://dblp.org/rec/bib/conf/aaai/SerbanKTTZBC17},
  bibsource = {dblp computer science bibliography, https://dblp.org}
}

@proceedings{DBLP:conf/aaai/2017,
  editor    = {Satinder P. Singh and
               Shaul Markovitch},
  title     = {Proceedings of the Thirty-First {AAAI} Conference on Artificial Intelligence,
               February 4-9, 2017, San Francisco, California, {USA}},
  publisher = {{AAAI} Press},
  year      = {2017},
  url       = {http://www.aaai.org/Library/AAAI/aaai17contents.php},
  timestamp = {Mon, 06 Mar 2017 08:17:31 +0100},
  biburl    = {https://dblp.org/rec/bib/conf/aaai/2017},
  bibsource = {dblp computer science bibliography, https://dblp.org}
}

