@inproceedings{DBLP:conf/emnlp/SerbanOPC17,
  author    = {Iulian Vlad Serban and
               Alexander G. Ororbia II and
               Joelle Pineau and
               Aaron C. Courville},
  title     = {Piecewise Latent Variables for Neural Variational Text Processing},
  booktitle = {Proceedings of the 2017 Conference on Empirical Methods in Natural
               Language Processing, {EMNLP} 2017, Copenhagen, Denmark, September
               9-11, 2017},
  pages     = {422--432},
  year      = {2017},
  crossref  = {DBLP:conf/emnlp/2017},
  url       = {https://aclanthology.info/papers/D17-1043/d17-1043},
  timestamp = {Tue, 30 Jan 2018 13:42:04 +0100},
  biburl    = {https://dblp.org/rec/bib/conf/emnlp/SerbanOPC17},
  bibsource = {dblp computer science bibliography, https://dblp.org}
}

@proceedings{DBLP:conf/emnlp/2017,
  editor    = {Martha Palmer and
               Rebecca Hwa and
               Sebastian Riedel},
  title     = {Proceedings of the 2017 Conference on Empirical Methods in Natural
               Language Processing, {EMNLP} 2017, Copenhagen, Denmark, September
               9-11, 2017},
  publisher = {Association for Computational Linguistics},
  year      = {2017},
  url       = {https://aclanthology.info/volumes/proceedings-of-the-2017-conference-on-empirical-methods-in-natural-language-processing},
  isbn      = {978-1-945626-83-8},
  timestamp = {Tue, 30 Jan 2018 13:42:04 +0100},
  biburl    = {https://dblp.org/rec/bib/conf/emnlp/2017},
  bibsource = {dblp computer science bibliography, https://dblp.org}
}

