@article{DBLP:journals/corr/SerbanSLCPCB16,
  author    = {Iulian Vlad Serban and
               Alessandro Sordoni and
               Ryan Lowe and
               Laurent Charlin and
               Joelle Pineau and
               Aaron C. Courville and
               Yoshua Bengio},
  title     = {A Hierarchical Latent Variable Encoder-Decoder Model for Generating
               Dialogues},
  journal   = {CoRR},
  volume    = {abs/1605.06069},
  year      = {2016}
}

