@inproceedings{Doddington:2002:AEM:1289189.1289273,
 author = {Doddington, George},
 title = {Automatic Evaluation of Machine Translation Quality Using N-gram Co-occurrence Statistics},
 booktitle = {Proceedings of the Second International Conference on Human Language Technology Research},
 series = {HLT '02},
 year = {2002},
 location = {San Diego, California},
 pages = {138--145},
 numpages = {8},
 url = {http://dl.acm.org/citation.cfm?id=1289189.1289273},
 acmid = {1289273},
 publisher = {Morgan Kaufmann Publishers Inc.},
 address = {San Francisco, CA, USA},
}