@inproceedings{DBLP:journals/corr/KingmaB14,
  author    = {Diederik P. Kingma and
               Jimmy Ba},
  title     = {Adam: {A} Method for Stochastic Optimization},
  booktitle = {3rd International Conference on Learning Representations, {ICLR} 2015,
               San Diego, CA, USA, May 7-9, 2015, Conference Track Proceedings},
  year      = {2015},
  crossref  = {DBLP:conf/iclr/2015},
  url       = {http://arxiv.org/abs/1412.6980},
  timestamp = {Fri, 29 Mar 2019 10:36:36 +0100},
  biburl    = {https://dblp.org/rec/bib/journals/corr/KingmaB14},
  bibsource = {dblp computer science bibliography, https://dblp.org}
}

@proceedings{DBLP:conf/iclr/2015,
  editor    = {Yoshua Bengio and
               Yann LeCun},
  title     = {3rd International Conference on Learning Representations, {ICLR} 2015,
               San Diego, CA, USA, May 7-9, 2015, Conference Track Proceedings},
  year      = {2015},
  url       = {https://iclr.cc/archive/www/doku.php\%3Fid=iclr2015:accepted-main.html},
  timestamp = {Wed, 27 Mar 2019 18:11:10 +0100},
  biburl    = {https://dblp.org/rec/bib/conf/iclr/2015},
  bibsource = {dblp computer science bibliography, https://dblp.org}
}

