@inproceedings{DBLP:conf/icml/CollobertW08,
  author    = {Ronan Collobert and
               Jason Weston},
  title     = {A unified architecture for natural language processing: deep neural
               networks with multitask learning},
  booktitle = {Machine Learning, Proceedings of the Twenty-Fifth International Conference
               {(ICML} 2008), Helsinki, Finland, June 5-9, 2008},
  pages     = {160--167},
  year      = {2008},
  crossref  = {DBLP:conf/icml/2008},
  url       = {https://doi.org/10.1145/1390156.1390177},
  doi       = {10.1145/1390156.1390177},
  timestamp = {Wed, 28 Nov 2018 12:57:16 +0100},
  biburl    = {https://dblp.org/rec/bib/conf/icml/CollobertW08},
  bibsource = {dblp computer science bibliography, https://dblp.org}
}

@proceedings{DBLP:conf/icml/2008,
  editor    = {William W. Cohen and
               Andrew McCallum and
               Sam T. Roweis},
  title     = {Machine Learning, Proceedings of the Twenty-Fifth International Conference
               {(ICML} 2008), Helsinki, Finland, June 5-9, 2008},
  series    = {{ACM} International Conference Proceeding Series},
  volume    = {307},
  publisher = {{ACM}},
  year      = {2008},
  isbn      = {978-1-60558-205-4},
  timestamp = {Thu, 14 Aug 2008 13:27:10 +0200},
  biburl    = {https://dblp.org/rec/bib/conf/icml/2008},
  bibsource = {dblp computer science bibliography, https://dblp.org}
}

