@article{DBLP:journals/jmlr/DuchiHS11,
  author    = {John C. Duchi and
               Elad Hazan and
               Yoram Singer},
  title     = {Adaptive Subgradient Methods for Online Learning and Stochastic Optimization},
  journal   = {Journal of Machine Learning Research},
  volume    = {12},
  pages     = {2121--2159},
  year      = {2011},
  url       = {http://dl.acm.org/citation.cfm?id=2021068},
  timestamp = {Sat, 21 Jan 2012 17:47:24 +0100},
  biburl    = {https://dblp.org/rec/bib/journals/jmlr/DuchiHS11},
  bibsource = {dblp computer science bibliography, https://dblp.org}
}

