@inproceedings{DBLP:journals/jmlr/GutmannH10,
  author    = {Michael Gutmann and
               Aapo Hyv{\"{a}}rinen},
  title     = {Noise-contrastive estimation: {A} new estimation principle for unnormalized
               statistical models},
  booktitle = {Proceedings of the Thirteenth International Conference on Artificial
               Intelligence and Statistics, {AISTATS} 2010, Chia Laguna Resort, Sardinia,
               Italy, May 13-15, 2010},
  pages     = {297--304},
  year      = {2010},
  crossref  = {DBLP:conf/aistats/2010},
  url       = {http://jmlr.org/proceedings/papers/v9/gutmann10a.html},
  timestamp = {Wed, 03 Apr 2019 18:01:58 +0200},
  biburl    = {https://dblp.org/rec/bib/journals/jmlr/GutmannH10},
  bibsource = {dblp computer science bibliography, https://dblp.org}
}

@proceedings{DBLP:conf/aistats/2010,
  editor    = {Yee Whye Teh and
               D. Mike Titterington},
  title     = {Proceedings of the Thirteenth International Conference on Artificial
               Intelligence and Statistics, {AISTATS} 2010, Chia Laguna Resort, Sardinia,
               Italy, May 13-15, 2010},
  series    = {{JMLR} Proceedings},
  volume    = {9},
  publisher = {JMLR.org},
  year      = {2010},
  url       = {http://jmlr.org/proceedings/papers/v9/},
  timestamp = {Wed, 03 Apr 2019 18:01:58 +0200},
  biburl    = {https://dblp.org/rec/bib/conf/aistats/2010},
  bibsource = {dblp computer science bibliography, https://dblp.org}
}

