@article{DBLP:journals/ijufks/Hochreiter98,
  author    = {Sepp Hochreiter},
  title     = {The Vanishing Gradient Problem During Learning Recurrent Neural Nets
               and Problem Solutions},
  journal   = {International Journal of Uncertainty, Fuzziness and Knowledge-Based
               Systems},
  volume    = {6},
  number    = {2},
  pages     = {107--116},
  year      = {1998},
  url       = {https://doi.org/10.1142/S0218488598000094},
  doi       = {10.1142/S0218488598000094},
  timestamp = {Wed, 14 Nov 2018 10:41:42 +0100},
  biburl    = {https://dblp.org/rec/bib/journals/ijufks/Hochreiter98},
  bibsource = {dblp computer science bibliography, https://dblp.org}
}

