@article{DBLP:journals/neco/HochreiterS97,
  author    = {Sepp Hochreiter and
               J{\"{u}}rgen Schmidhuber},
  title     = {Long Short-Term Memory},
  journal   = {Neural Computation},
  volume    = {9},
  number    = {8},
  pages     = {1735--1780},
  year      = {1997},
  url       = {https://doi.org/10.1162/neco.1997.9.8.1735},
  doi       = {10.1162/neco.1997.9.8.1735},
  timestamp = {Wed, 14 Nov 2018 10:31:22 +0100},
  biburl    = {https://dblp.org/rec/bib/journals/neco/HochreiterS97},
  bibsource = {dblp computer science bibliography, https://dblp.org}
}

