@article{DBLP:journals/jmlr/BengioDVJ03,
  author    = {Yoshua Bengio and
               R{\'{e}}jean Ducharme and
               Pascal Vincent and
               Christian Janvin},
  title     = {A Neural Probabilistic Language Model},
  journal   = {Journal of Machine Learning Research},
  volume    = {3},
  pages     = {1137--1155},
  year      = {2003},
  url       = {http://jmlr.org/papers/v3/bengio03a.html},
  timestamp = {Wed, 03 Apr 2019 18:34:04 +0200},
  biburl    = {https://dblp.org/rec/bib/journals/jmlr/BengioDVJ03},
  bibsource = {dblp computer science bibliography, https://dblp.org}
}

