@inproceedings{DBLP:conf/interspeech/GeorgilaHL06,
  author    = {Kallirroi Georgila and
               James Henderson and
               Oliver Lemon},
  title     = {User simulation for spoken dialogue systems: learning and evaluation},
  booktitle = {{INTERSPEECH} 2006 - ICSLP, Ninth International Conference on Spoken
               Language Processing, Pittsburgh, PA, USA, September 17-21, 2006},
  year      = {2006},
  crossref  = {DBLP:conf/interspeech/2006},
  url       = {http://www.isca-speech.org/archive/interspeech\_2006/i06\_2035.html},
  timestamp = {Fri, 11 Mar 2011 14:41:35 +0100},
  biburl    = {https://dblp.org/rec/bib/conf/interspeech/GeorgilaHL06},
  bibsource = {dblp computer science bibliography, https://dblp.org}
}

@proceedings{DBLP:conf/interspeech/2006,
  title     = {{INTERSPEECH} 2006 - ICSLP, Ninth International Conference on Spoken
               Language Processing, Pittsburgh, PA, USA, September 17-21, 2006},
  publisher = {{ISCA}},
  year      = {2006},
  timestamp = {Fri, 11 Mar 2011 14:41:35 +0100},
  biburl    = {https://dblp.org/rec/bib/conf/interspeech/2006},
  bibsource = {dblp computer science bibliography, https://dblp.org}
}

