@inproceedings{DBLP:conf/interspeech/WalkerPS03,
  author    = {Marilyn A. Walker and
               Rashmi Prasad and
               Amanda Stent},
  title     = {A trainable generator for recommendations in multimodal dialog},
  booktitle = {8th European Conference on Speech Communication and Technology, {EUROSPEECH}
               2003 - {INTERSPEECH} 2003, Geneva, Switzerland, September 1-4, 2003},
  year      = {2003},
  crossref  = {DBLP:conf/interspeech/2003},
  url       = {http://www.isca-speech.org/archive/eurospeech\_2003/e03\_1697.html},
  timestamp = {Wed, 16 Mar 2011 11:10:55 +0100},
  biburl    = {https://dblp.org/rec/bib/conf/interspeech/WalkerPS03},
  bibsource = {dblp computer science bibliography, https://dblp.org}
}

@proceedings{DBLP:conf/interspeech/2003,
  title     = {8th European Conference on Speech Communication and Technology, {EUROSPEECH}
               2003 - {INTERSPEECH} 2003, Geneva, Switzerland, September 1-4, 2003},
  publisher = {{ISCA}},
  year      = {2003},
  timestamp = {Wed, 16 Mar 2011 11:09:34 +0100},
  biburl    = {https://dblp.org/rec/bib/conf/interspeech/2003},
  bibsource = {dblp computer science bibliography, https://dblp.org}
}

