@inproceedings{DBLP:conf/emnlp/WenGMSVY15,
  author    = {Tsung{-}Hsien Wen and
               Milica Gasic and
               Nikola Mrksic and
               Pei{-}hao Su and
               David Vandyke and
               Steve J. Young},
  title     = {Semantically Conditioned LSTM-based Natural Language Generation for
               Spoken Dialogue Systems},
  booktitle = {Proceedings of the 2015 Conference on Empirical Methods in Natural
               Language Processing, {EMNLP} 2015, Lisbon, Portugal, September 17-21,
               2015},
  pages     = {1711--1721},
  year      = {2015},
  crossref  = {DBLP:conf/emnlp/2015},
  url       = {http://aclweb.org/anthology/D/D15/D15-1199.pdf},
  timestamp = {Wed, 14 Oct 2015 09:56:24 +0200},
  biburl    = {https://dblp.org/rec/bib/conf/emnlp/WenGMSVY15},
  bibsource = {dblp computer science bibliography, https://dblp.org}
}

@proceedings{DBLP:conf/emnlp/2015,
  editor    = {Llu{\'{\i}}s M{\`{a}}rquez and
               Chris Callison{-}Burch and
               Jian Su and
               Daniele Pighin and
               Yuval Marton},
  title     = {Proceedings of the 2015 Conference on Empirical Methods in Natural
               Language Processing, {EMNLP} 2015, Lisbon, Portugal, September 17-21,
               2015},
  publisher = {The Association for Computational Linguistics},
  year      = {2015},
  url       = {http://aclweb.org/anthology/D/D15/},
  isbn      = {978-1-941643-32-7},
  timestamp = {Wed, 14 Oct 2015 09:19:37 +0200},
  biburl    = {https://dblp.org/rec/bib/conf/emnlp/2015},
  bibsource = {dblp computer science bibliography, https://dblp.org}
}

