@inproceedings{DBLP:conf/ijcnlp/LiSSLCN17,
  author    = {Yanran Li and
               Hui Su and
               Xiaoyu Shen and
               Wenjie Li and
               Ziqiang Cao and
               Shuzi Niu},
  title     = {DailyDialog: {A} Manually Labelled Multi-turn Dialogue Dataset},
  booktitle = {Proceedings of the Eighth International Joint Conference on Natural
               Language Processing, {IJCNLP} 2017, Taipei, Taiwan, November 27 -
               December 1, 2017 - Volume 1: Long Papers},
  pages     = {986--995},
  year      = {2017},
  crossref  = {DBLP:conf/ijcnlp/2017-1},
  url       = {https://aclanthology.info/papers/I17-1099/i17-1099},
  timestamp = {Mon, 08 Jan 2018 14:58:00 +0100},
  biburl    = {https://dblp.org/rec/bib/conf/ijcnlp/LiSSLCN17},
  bibsource = {dblp computer science bibliography, https://dblp.org}
}

@proceedings{DBLP:conf/ijcnlp/2017-1,
  editor    = {Greg Kondrak and
               Taro Watanabe},
  title     = {Proceedings of the Eighth International Joint Conference on Natural
               Language Processing, {IJCNLP} 2017, Taipei, Taiwan, November 27 -
               December 1, 2017 - Volume 1: Long Papers},
  publisher = {Asian Federation of Natural Language Processing},
  year      = {2017},
  url       = {https://aclanthology.info/volumes/proceedings-of-the-eighth-international-joint-conference-on-natural-language-processing-volume-1-long-papers},
  isbn      = {978-1-948087-00-1},
  timestamp = {Mon, 08 Jan 2018 14:58:00 +0100},
  biburl    = {https://dblp.org/rec/bib/conf/ijcnlp/2017-1},
  bibsource = {dblp computer science bibliography, https://dblp.org}
}

