@inproceedings{DBLP:conf/sigdial/LisonB17,
  author    = {Pierre Lison and
               Serge Bibauw},
  title     = {Not All Dialogues are Created Equal: Instance Weighting for Neural
               Conversational Models},
  booktitle = {Proceedings of the 18th Annual SIGdial Meeting on Discourse and Dialogue,
               Saarbr{\"{u}}cken, Germany, August 15-17, 2017},
  pages     = {384--394},
  year      = {2017},
  crossref  = {DBLP:conf/sigdial/2017},
  url       = {https://aclanthology.info/papers/W17-5546/w17-5546},
  timestamp = {Wed, 03 Jan 2018 15:28:07 +0100},
  biburl    = {https://dblp.org/rec/bib/conf/sigdial/LisonB17},
  bibsource = {dblp computer science bibliography, https://dblp.org}
}

@proceedings{DBLP:conf/sigdial/2017,
  editor    = {Kristiina Jokinen and
               Manfred Stede and
               David DeVault and
               Annie Louis},
  title     = {Proceedings of the 18th Annual SIGdial Meeting on Discourse and Dialogue,
               Saarbr{\"{u}}cken, Germany, August 15-17, 2017},
  publisher = {Association for Computational Linguistics},
  year      = {2017},
  url       = {https://aclanthology.info/volumes/proceedings-of-the-18th-annual-sigdial-meeting-on-discourse-and-dialogue},
  isbn      = {978-1-945626-82-1},
  timestamp = {Wed, 03 Jan 2018 15:28:07 +0100},
  biburl    = {https://dblp.org/rec/bib/conf/sigdial/2017},
  bibsource = {dblp computer science bibliography, https://dblp.org}
}

