@inproceedings{Loper:2002:NNL:1118108.1118117,
 author = {Loper, Edward and Bird, Steven},
 title = {NLTK: The Natural Language Toolkit},
 booktitle = {Proceedings of the ACL-02 Workshop on Effective Tools and Methodologies for Teaching Natural Language Processing and Computational Linguistics - Volume 1},
 series = {ETMTNLP '02},
 year = {2002},
 location = {Philadelphia, Pennsylvania},
 pages = {63--70},
 numpages = {8},
 url = {https://doi.org/10.3115/1118108.1118117},
 doi = {10.3115/1118108.1118117},
 acmid = {1118117},
 publisher = {Association for Computational Linguistics},
 address = {Stroudsburg, PA, USA},
}