@inproceedings{DBLP:conf/aaai/TaoMZY18,
  author    = {Chongyang Tao and
               Lili Mou and
               Dongyan Zhao and
               Rui Yan},
  title     = {{RUBER:} An Unsupervised Method for Automatic Evaluation of Open-Domain
               Dialog Systems},
  booktitle = {Proceedings of the Thirty-Second {AAAI} Conference on Artificial Intelligence,
               (AAAI-18), the 30th innovative Applications of Artificial Intelligence
               (IAAI-18), and the 8th {AAAI} Symposium on Educational Advances in
               Artificial Intelligence (EAAI-18), New Orleans, Louisiana, USA, February
               2-7, 2018},
  pages     = {722--729},
  year      = {2018},
  crossref  = {DBLP:conf/aaai/2018},
  url       = {https://www.aaai.org/ocs/index.php/AAAI/AAAI18/paper/view/16179},
  timestamp = {Wed, 06 Mar 2019 07:05:24 +0100},
  biburl    = {https://dblp.org/rec/bib/conf/aaai/TaoMZY18},
  bibsource = {dblp computer science bibliography, https://dblp.org}
}

@proceedings{DBLP:conf/aaai/2018,
  editor    = {Sheila A. McIlraith and
               Kilian Q. Weinberger},
  title     = {Proceedings of the Thirty-Second {AAAI} Conference on Artificial Intelligence,
               (AAAI-18), the 30th innovative Applications of Artificial Intelligence
               (IAAI-18), and the 8th {AAAI} Symposium on Educational Advances in
               Artificial Intelligence (EAAI-18), New Orleans, Louisiana, USA, February
               2-7, 2018},
  publisher = {{AAAI} Press},
  year      = {2018},
  url       = {https://www.aaai.org/ocs/index.php/AAAI/AAAI18/schedConf/presentations},
  timestamp = {Tue, 23 Oct 2018 06:42:15 +0200},
  biburl    = {https://dblp.org/rec/bib/conf/aaai/2018},
  bibsource = {dblp computer science bibliography, https://dblp.org}
}

