@inproceedings{DBLP:conf/cikm/ShenHGDM14,
  author    = {Yelong Shen and
               Xiaodong He and
               Jianfeng Gao and
               Li Deng and
               Gr{\'{e}}goire Mesnil},
  title     = {A Latent Semantic Model with Convolutional-Pooling Structure for Information
               Retrieval},
  booktitle = {Proceedings of the 23rd {ACM} International Conference on Conference
               on Information and Knowledge Management, {CIKM} 2014, Shanghai, China,
               November 3-7, 2014},
  pages     = {101--110},
  year      = {2014},
  crossref  = {DBLP:conf/cikm/2014},
  url       = {https://doi.org/10.1145/2661829.2661935},
  doi       = {10.1145/2661829.2661935},
  timestamp = {Tue, 06 Nov 2018 16:57:47 +0100},
  biburl    = {https://dblp.org/rec/bib/conf/cikm/ShenHGDM14},
  bibsource = {dblp computer science bibliography, https://dblp.org}
}

@proceedings{DBLP:conf/cikm/2014,
  editor    = {Jianzhong Li and
               Xiaoyang Sean Wang and
               Minos N. Garofalakis and
               Ian Soboroff and
               Torsten Suel and
               Min Wang},
  title     = {Proceedings of the 23rd {ACM} International Conference on Conference
               on Information and Knowledge Management, {CIKM} 2014, Shanghai, China,
               November 3-7, 2014},
  publisher = {{ACM}},
  year      = {2014},
  url       = {http://dl.acm.org/citation.cfm?id=2661829},
  isbn      = {978-1-4503-2598-1},
  timestamp = {Thu, 01 Mar 2018 15:46:33 +0100},
  biburl    = {https://dblp.org/rec/bib/conf/cikm/2014},
  bibsource = {dblp computer science bibliography, https://dblp.org}
}

