@inproceedings{DBLP:conf/emnlp/WangLLC13,
  author    = {Hao Wang and
               Zhengdong Lu and
               Hang Li and
               Enhong Chen},
  title     = {A Dataset for Research on Short-Text Conversations},
  booktitle = {Proceedings of the 2013 Conference on Empirical Methods in Natural
               Language Processing, {EMNLP} 2013, 18-21 October 2013, Grand Hyatt
               Seattle, Seattle, Washington, USA, {A} meeting of SIGDAT, a Special
               Interest Group of the {ACL}},
  pages     = {935--945},
  year      = {2013},
  crossref  = {DBLP:conf/emnlp/2013},
  url       = {http://aclweb.org/anthology/D/D13/D13-1096.pdf},
  timestamp = {Wed, 04 Jul 2018 12:02:33 +0200},
  biburl    = {https://dblp.org/rec/bib/conf/emnlp/WangLLC13},
  bibsource = {dblp computer science bibliography, https://dblp.org}
}

@proceedings{DBLP:conf/emnlp/2013,
  title     = {Proceedings of the 2013 Conference on Empirical Methods in Natural
               Language Processing, {EMNLP} 2013, 18-21 October 2013, Grand Hyatt
               Seattle, Seattle, Washington, USA, {A} meeting of SIGDAT, a Special
               Interest Group of the {ACL}},
  publisher = {{ACL}},
  year      = {2013},
  isbn      = {978-1-937284-97-8},
  timestamp = {Sun, 10 Nov 2013 18:16:04 +0100},
  biburl    = {https://dblp.org/rec/bib/conf/emnlp/2013},
  bibsource = {dblp computer science bibliography, https://dblp.org}
}

