@article{DBLP:journals/corr/SerbanLCP16,
  author    = {Iulian Vlad Serban and
               Ryan Lowe and
               Laurent Charlin and
               Joelle Pineau},
  title     = {Generative Deep Neural Networks for Dialogue: {A} Short Review},
  journal   = {CoRR},
  volume    = {abs/1611.06216},
  year      = {2016},
  url       = {http://arxiv.org/abs/1611.06216},
  archivePrefix = {arXiv},
  eprint    = {1611.06216},
  timestamp = {Mon, 13 Aug 2018 16:48:35 +0200},
  biburl    = {https://dblp.org/rec/bib/journals/corr/SerbanLCP16},
  bibsource = {dblp computer science bibliography, https://dblp.org}
}

