@techreport{CsakyRichard2017,
    author = {Csáky, Richárd},
    title = {Deep Learning Based Chatbot Models},
    institution = {Budapest University of Technology and Economics},
    year = {2017},
}
