@inproceedings{DBLP:conf/emnlp/GaoPGHD14,
  author    = {Jianfeng Gao and
               Patrick Pantel and
               Michael Gamon and
               Xiaodong He and
               Li Deng},
  title     = {Modeling Interestingness with Deep Neural Networks},
  booktitle = {Proceedings of the 2014 Conference on Empirical Methods in Natural
               Language Processing, {EMNLP} 2014, October 25-29, 2014, Doha, Qatar,
               {A} meeting of SIGDAT, a Special Interest Group of the {ACL}},
  pages     = {2--13},
  year      = {2014},
  crossref  = {DBLP:conf/emnlp/2014},
  url       = {http://aclweb.org/anthology/D/D14/D14-1002.pdf},
  timestamp = {Thu, 12 Jul 2018 15:25:49 +0200},
  biburl    = {https://dblp.org/rec/bib/conf/emnlp/GaoPGHD14},
  bibsource = {dblp computer science bibliography, https://dblp.org}
}

@proceedings{DBLP:conf/emnlp/2014,
  editor    = {Alessandro Moschitti and
               Bo Pang and
               Walter Daelemans},
  title     = {Proceedings of the 2014 Conference on Empirical Methods in Natural
               Language Processing, {EMNLP} 2014, October 25-29, 2014, Doha, Qatar,
               {A} meeting of SIGDAT, a Special Interest Group of the {ACL}},
  publisher = {{ACL}},
  year      = {2014},
  isbn      = {978-1-937284-96-1},
  timestamp = {Sat, 15 Nov 2014 14:12:40 +0100},
  biburl    = {https://dblp.org/rec/bib/conf/emnlp/2014},
  bibsource = {dblp computer science bibliography, https://dblp.org}
}

