@inproceedings{DBLP:conf/cikm/HuangHGDAH13,
  author    = {Po{-}Sen Huang and
               Xiaodong He and
               Jianfeng Gao and
               Li Deng and
               Alex Acero and
               Larry P. Heck},
  title     = {Learning deep structured semantic models for web search using clickthrough
               data},
  booktitle = {22nd {ACM} International Conference on Information and Knowledge Management,
               CIKM'13, San Francisco, CA, USA, October 27 - November 1, 2013},
  pages     = {2333--2338},
  year      = {2013},
  crossref  = {DBLP:conf/cikm/2013},
  url       = {https://doi.org/10.1145/2505515.2505665},
  doi       = {10.1145/2505515.2505665},
  timestamp = {Wed, 28 Nov 2018 12:57:14 +0100},
  biburl    = {https://dblp.org/rec/bib/conf/cikm/HuangHGDAH13},
  bibsource = {dblp computer science bibliography, https://dblp.org}
}

@proceedings{DBLP:conf/cikm/2013,
  editor    = {Qi He and
               Arun Iyengar and
               Wolfgang Nejdl and
               Jian Pei and
               Rajeev Rastogi},
  title     = {22nd {ACM} International Conference on Information and Knowledge Management,
               CIKM'13, San Francisco, CA, USA, October 27 - November 1, 2013},
  publisher = {{ACM}},
  year      = {2013},
  url       = {http://dl.acm.org/citation.cfm?id=2505515},
  isbn      = {978-1-4503-2263-8},
  timestamp = {Thu, 07 Nov 2013 11:16:05 +0100},
  biburl    = {https://dblp.org/rec/bib/conf/cikm/2013},
  bibsource = {dblp computer science bibliography, https://dblp.org}
}

