@inproceedings{DBLP:conf/emnlp/KalchbrennerB13,
  author    = {Nal Kalchbrenner and
               Phil Blunsom},
  title     = {Recurrent Continuous Translation Models},
  booktitle = {Proceedings of the 2013 Conference on Empirical Methods in Natural
               Language Processing, {EMNLP} 2013, 18-21 October 2013, Grand Hyatt
               Seattle, Seattle, Washington, USA, {A} meeting of SIGDAT, a Special
               Interest Group of the {ACL}},
  pages     = {1700--1709},
  year      = {2013},
  crossref  = {DBLP:conf/emnlp/2013},
  url       = {http://aclweb.org/anthology/D/D13/D13-1176.pdf},
  timestamp = {Fri, 22 Nov 2013 12:57:23 +0100},
  biburl    = {https://dblp.org/rec/bib/conf/emnlp/KalchbrennerB13},
  bibsource = {dblp computer science bibliography, https://dblp.org}
}

@proceedings{DBLP:conf/emnlp/2013,
  title     = {Proceedings of the 2013 Conference on Empirical Methods in Natural
               Language Processing, {EMNLP} 2013, 18-21 October 2013, Grand Hyatt
               Seattle, Seattle, Washington, USA, {A} meeting of SIGDAT, a Special
               Interest Group of the {ACL}},
  publisher = {{ACL}},
  year      = {2013},
  isbn      = {978-1-937284-97-8},
  timestamp = {Sun, 10 Nov 2013 18:16:04 +0100},
  biburl    = {https://dblp.org/rec/bib/conf/emnlp/2013},
  bibsource = {dblp computer science bibliography, https://dblp.org}
}

