@inproceedings{DBLP:conf/slt/MikolovZ12,
  author    = {Tomas Mikolov and
               Geoffrey Zweig},
  title     = {Context dependent recurrent neural network language model},
  booktitle = {2012 {IEEE} Spoken Language Technology Workshop (SLT), Miami, FL,
               USA, December 2-5, 2012},
  pages     = {234--239},
  year      = {2012},
  crossref  = {DBLP:conf/slt/2012},
  url       = {https://doi.org/10.1109/SLT.2012.6424228},
  doi       = {10.1109/SLT.2012.6424228},
  timestamp = {Wed, 24 May 2017 08:29:55 +0200},
  biburl    = {https://dblp.org/rec/bib/conf/slt/MikolovZ12},
  bibsource = {dblp computer science bibliography, https://dblp.org}
}

@proceedings{DBLP:conf/slt/2012,
  title     = {2012 {IEEE} Spoken Language Technology Workshop (SLT), Miami, FL,
               USA, December 2-5, 2012},
  publisher = {{IEEE}},
  year      = {2012},
  url       = {http://ieeexplore.ieee.org/xpl/mostRecentIssue.jsp?punumber=6416134},
  isbn      = {978-1-4673-5125-6},
  timestamp = {Tue, 12 Feb 2013 15:23:57 +0100},
  biburl    = {https://dblp.org/rec/bib/conf/slt/2012},
  bibsource = {dblp computer science bibliography, https://dblp.org}
}

