@inproceedings{DBLP:conf/lrec/LisonT16,
  author    = {Pierre Lison and
               J{\"{o}}rg Tiedemann},
  title     = {OpenSubtitles2016: Extracting Large Parallel Corpora from Movie and
               {TV} Subtitles},
  booktitle = {Proceedings of the Tenth International Conference on Language Resources
               and Evaluation {LREC} 2016, Portoro{\v{z}}, Slovenia, May 23-28, 2016.},
  year      = {2016},
  crossref  = {DBLP:conf/lrec/2016},
  url       = {http://www.lrec-conf.org/proceedings/lrec2016/summaries/947.html},
  timestamp = {Tue, 30 Aug 2016 18:49:47 +0200},
  biburl    = {https://dblp.org/rec/bib/conf/lrec/LisonT16},
  bibsource = {dblp computer science bibliography, https://dblp.org}
}

@proceedings{DBLP:conf/lrec/2016,
  editor    = {Nicoletta Calzolari and
               Khalid Choukri and
               Thierry Declerck and
               Sara Goggi and
               Marko Grobelnik and
               Bente Maegaard and
               Joseph Mariani and
               H{\'{e}}l{\`{e}}ne Mazo and
               Asunci{\'{o}}n Moreno and
               Jan Odijk and
               Stelios Piperidis},
  title     = {Proceedings of the Tenth International Conference on Language Resources
               and Evaluation {LREC} 2016, Portoro{\v{z}}, Slovenia, May 23-28, 2016},
  publisher = {European Language Resources Association {(ELRA)}},
  year      = {2016},
  url       = {http://www.lrec-conf.org/lrec2016},
  timestamp = {Tue, 30 Aug 2016 18:49:47 +0200},
  biburl    = {https://dblp.org/rec/bib/conf/lrec/2016},
  bibsource = {dblp computer science bibliography, https://dblp.org}
}

