@inbook{inbook,
author = {Tiedemann, Jörg},
year = {2009},
month = {01},
pages = {237-248},
title = {News from OPUS—A Collection of Multilingual Parallel Corpora with Tools and Interfaces},
volume = {5},
isbn = {9789027248251},
journal = {Recent Advances in Natural Language Processing},
doi = {10.1075/cilt.309.19tie}
}