@inproceedings{DBLP:conf/sigdial/LowePSP15,
  author    = {Ryan Lowe and
               Nissan Pow and
               Iulian Serban and
               Joelle Pineau},
  title     = {The Ubuntu Dialogue Corpus: {A} Large Dataset for Research in Unstructured
               Multi-Turn Dialogue Systems},
  booktitle = {Proceedings of the {SIGDIAL} 2015 Conference, The 16th Annual Meeting
               of the Special Interest Group on Discourse and Dialogue, 2-4 September
               2015, Prague, Czech Republic},
  pages     = {285--294},
  year      = {2015},
  crossref  = {DBLP:conf/sigdial/2015},
  url       = {http://aclweb.org/anthology/W/W15/W15-4640.pdf},
  timestamp = {Thu, 01 Sep 2016 12:58:49 +0200},
  biburl    = {https://dblp.org/rec/bib/conf/sigdial/LowePSP15},
  bibsource = {dblp computer science bibliography, https://dblp.org}
}

@proceedings{DBLP:conf/sigdial/2015,
  title     = {Proceedings of the {SIGDIAL} 2015 Conference, The 16th Annual Meeting
               of the Special Interest Group on Discourse and Dialogue, 2-4 September
               2015, Prague, Czech Republic},
  publisher = {The Association for Computer Linguistics},
  year      = {2015},
  isbn      = {978-1-941643-75-4},
  timestamp = {Thu, 01 Sep 2016 12:43:01 +0200},
  biburl    = {https://dblp.org/rec/bib/conf/sigdial/2015},
  bibsource = {dblp computer science bibliography, https://dblp.org}
}

