@inproceedings{DBLP:conf/acl/GalleyBSJAQMGD15,
  author    = {Michel Galley and
               Chris Brockett and
               Alessandro Sordoni and
               Yangfeng Ji and
               Michael Auli and
               Chris Quirk and
               Margaret Mitchell and
               Jianfeng Gao and
               Bill Dolan},
  title     = {deltaBLEU: {A} Discriminative Metric for Generation Tasks with Intrinsically
               Diverse Targets},
  booktitle = {Proceedings of the 53rd Annual Meeting of the Association for Computational
               Linguistics and the 7th International Joint Conference on Natural
               Language Processing of the Asian Federation of Natural Language Processing,
               {ACL} 2015, July 26-31, 2015, Beijing, China, Volume 2: Short Papers},
  pages     = {445--450},
  year      = {2015},
  crossref  = {DBLP:conf/acl/2015-2},
  url       = {http://aclweb.org/anthology/P/P15/P15-2073.pdf},
  timestamp = {Sun, 02 Aug 2015 19:49:03 +0200},
  biburl    = {https://dblp.org/rec/bib/conf/acl/GalleyBSJAQMGD15},
  bibsource = {dblp computer science bibliography, https://dblp.org}
}

@proceedings{DBLP:conf/acl/2015-2,
  title     = {Proceedings of the 53rd Annual Meeting of the Association for Computational
               Linguistics and the 7th International Joint Conference on Natural
               Language Processing of the Asian Federation of Natural Language Processing,
               {ACL} 2015, July 26-31, 2015, Beijing, China, Volume 2: Short Papers},
  publisher = {The Association for Computer Linguistics},
  year      = {2015},
  url       = {http://aclweb.org/anthology/P/P15/},
  isbn      = {978-1-941643-73-0},
  timestamp = {Sun, 02 Aug 2015 19:49:03 +0200},
  biburl    = {https://dblp.org/rec/bib/conf/acl/2015-2},
  bibsource = {dblp computer science bibliography, https://dblp.org}
}

