@article{DBLP:journals/corr/KannanV17,
  author    = {Anjuli Kannan and
               Oriol Vinyals},
  title     = {Adversarial Evaluation of Dialogue Models},
  journal   = {CoRR},
  volume    = {abs/1701.08198},
  year      = {2017},
  url       = {http://arxiv.org/abs/1701.08198},
  archivePrefix = {arXiv},
  eprint    = {1701.08198},
  timestamp = {Mon, 13 Aug 2018 16:46:55 +0200},
  biburl    = {https://dblp.org/rec/bib/journals/corr/KannanV17},
  bibsource = {dblp computer science bibliography, https://dblp.org}
}

