@inproceedings{DBLP:conf/acl/MitchellL08,
  author    = {Jeff Mitchell and
               Mirella Lapata},
  title     = {Vector-based Models of Semantic Composition},
  booktitle = {{ACL} 2008, Proceedings of the 46th Annual Meeting of the Association
               for Computational Linguistics, June 15-20, 2008, Columbus, Ohio, {USA}},
  pages     = {236--244},
  year      = {2008},
  crossref  = {DBLP:conf/acl/2008},
  url       = {http://www.aclweb.org/anthology/P08-1028},
  timestamp = {Fri, 18 May 2018 15:15:22 +0200},
  biburl    = {https://dblp.org/rec/bib/conf/acl/MitchellL08},
  bibsource = {dblp computer science bibliography, https://dblp.org}
}

@proceedings{DBLP:conf/acl/2008,
  editor    = {Kathleen R. McKeown and
               Johanna D. Moore and
               Simone Teufel and
               James Allan and
               Sadaoki Furui},
  title     = {{ACL} 2008, Proceedings of the 46th Annual Meeting of the Association
               for Computational Linguistics, June 15-20, 2008, Columbus, Ohio, {USA}},
  publisher = {The Association for Computer Linguistics},
  year      = {2008},
  url       = {http://aclweb.org/anthology/P/P08/},
  isbn      = {978-1-932432-04-6},
  timestamp = {Fri, 18 May 2018 15:15:22 +0200},
  biburl    = {https://dblp.org/rec/bib/conf/acl/2008},
  bibsource = {dblp computer science bibliography, https://dblp.org}
}

