@inproceedings{DBLP:conf/semeval/DinuT12,
  author    = {Georgiana Dinu and
               Stefan Thater},
  title     = {Saarland: Vector-based models of semantic textual similarity},
  booktitle = {Proceedings of the 6th International Workshop on Semantic Evaluation,
               SemEval@NAACL-HLT 2012, Montr{\'{e}}al, Canada, June 7-8, 2012},
  pages     = {603--607},
  year      = {2012},
  crossref  = {DBLP:conf/semeval/2012},
  url       = {http://aclweb.org/anthology/S/S12/S12-1089.pdf},
  timestamp = {Wed, 05 Oct 2016 13:09:32 +0200},
  biburl    = {https://dblp.org/rec/bib/conf/semeval/DinuT12},
  bibsource = {dblp computer science bibliography, https://dblp.org}
}

@proceedings{DBLP:conf/semeval/2012,
  editor    = {Eneko Agirre and
               Johan Bos and
               Mona T. Diab},
  title     = {Proceedings of the 6th International Workshop on Semantic Evaluation,
               SemEval@NAACL-HLT 2012, Montr{\'{e}}al, Canada, June 7-8, 2012},
  publisher = {The Association for Computer Linguistics},
  year      = {2012},
  url       = {http://aclweb.org/anthology/S/S12/},
  isbn      = {978-1-937284-22-0},
  timestamp = {Wed, 05 Oct 2016 13:09:00 +0200},
  biburl    = {https://dblp.org/rec/bib/conf/semeval/2012},
  bibsource = {dblp computer science bibliography, https://dblp.org}
}

