@inproceedings{DBLP:conf/wmt/StanojevicS14,
  author    = {Milos Stanojevic and
               Khalil Sima'an},
  title     = {{BEER:} BEtter Evaluation as Ranking},
  booktitle = {Proceedings of the Ninth Workshop on Statistical Machine Translation,
               WMT@ACL 2014, June 26-27, 2014, Baltimore, Maryland, {USA}},
  pages     = {414--419},
  year      = {2014},
  crossref  = {DBLP:conf/wmt/2014},
  url       = {http://aclweb.org/anthology/W/W14/W14-3354.pdf},
  timestamp = {Wed, 14 Sep 2016 09:27:41 +0200},
  biburl    = {https://dblp.org/rec/bib/conf/wmt/StanojevicS14},
  bibsource = {dblp computer science bibliography, https://dblp.org}
}

@proceedings{DBLP:conf/wmt/2014,
  title     = {Proceedings of the Ninth Workshop on Statistical Machine Translation,
               WMT@ACL 2014, June 26-27, 2014, Baltimore, Maryland, {USA}},
  publisher = {The Association for Computer Linguistics},
  year      = {2014},
  url       = {http://aclweb.org/anthology/W/W14/},
  isbn      = {978-1-941643-17-4},
  timestamp = {Wed, 14 Sep 2016 09:18:42 +0200},
  biburl    = {https://dblp.org/rec/bib/conf/wmt/2014},
  bibsource = {dblp computer science bibliography, https://dblp.org}
}

