@inproceedings{DBLP:conf/aaai/ZhouHZZL18,
  author    = {Hao Zhou and
               Minlie Huang and
               Tianyang Zhang and
               Xiaoyan Zhu and
               Bing Liu},
  title     = {Emotional Chatting Machine: Emotional Conversation Generation with
               Internal and External Memory},
  booktitle = {Proceedings of the Thirty-Second {AAAI} Conference on Artificial Intelligence,
               (AAAI-18), the 30th innovative Applications of Artificial Intelligence
               (IAAI-18), and the 8th {AAAI} Symposium on Educational Advances in
               Artificial Intelligence (EAAI-18), New Orleans, Louisiana, USA, February
               2-7, 2018},
  pages     = {730--739},
  year      = {2018},
  crossref  = {DBLP:conf/aaai/2018},
  url       = {https://www.aaai.org/ocs/index.php/AAAI/AAAI18/paper/view/16455},
  timestamp = {Tue, 23 Oct 2018 06:42:15 +0200},
  biburl    = {https://dblp.org/rec/bib/conf/aaai/ZhouHZZL18},
  bibsource = {dblp computer science bibliography, https://dblp.org}
}

@proceedings{DBLP:conf/aaai/2018,
  editor    = {Sheila A. McIlraith and
               Kilian Q. Weinberger},
  title     = {Proceedings of the Thirty-Second {AAAI} Conference on Artificial Intelligence,
               (AAAI-18), the 30th innovative Applications of Artificial Intelligence
               (IAAI-18), and the 8th {AAAI} Symposium on Educational Advances in
               Artificial Intelligence (EAAI-18), New Orleans, Louisiana, USA, February
               2-7, 2018},
  publisher = {{AAAI} Press},
  year      = {2018},
  url       = {https://www.aaai.org/ocs/index.php/AAAI/AAAI18/schedConf/presentations},
  timestamp = {Tue, 23 Oct 2018 06:42:15 +0200},
  biburl    = {https://dblp.org/rec/bib/conf/aaai/2018},
  bibsource = {dblp computer science bibliography, https://dblp.org}
}

