@inproceedings{DBLP:conf/emnlp/LiMRJGG16,
  author    = {Jiwei Li and
               Will Monroe and
               Alan Ritter and
               Dan Jurafsky and
               Michel Galley and
               Jianfeng Gao},
  title     = {Deep Reinforcement Learning for Dialogue Generation},
  booktitle = {Proceedings of the 2016 Conference on Empirical Methods in Natural
               Language Processing, {EMNLP} 2016, Austin, Texas, USA, November 1-4,
               2016},
  pages     = {1192--1202},
  year      = {2016},
  crossref  = {DBLP:conf/emnlp/2016},
  url       = {http://aclweb.org/anthology/D/D16/D16-1127.pdf},
  timestamp = {Fri, 04 Nov 2016 14:45:31 +0100},
  biburl    = {https://dblp.org/rec/bib/conf/emnlp/LiMRJGG16},
  bibsource = {dblp computer science bibliography, https://dblp.org}
}

@proceedings{DBLP:conf/emnlp/2016,
  editor    = {Jian Su and
               Xavier Carreras and
               Kevin Duh},
  title     = {Proceedings of the 2016 Conference on Empirical Methods in Natural
               Language Processing, {EMNLP} 2016, Austin, Texas, USA, November 1-4,
               2016},
  publisher = {The Association for Computational Linguistics},
  year      = {2016},
  url       = {http://aclweb.org/anthology/D/D16/},
  isbn      = {978-1-945626-25-8},
  timestamp = {Fri, 04 Nov 2016 14:01:59 +0100},
  biburl    = {https://dblp.org/rec/bib/conf/emnlp/2016},
  bibsource = {dblp computer science bibliography, https://dblp.org}
}

