@inproceedings{DBLP:conf/naacl/LiGBGD16,
  author    = {Jiwei Li and
               Michel Galley and
               Chris Brockett and
               Jianfeng Gao and
               Bill Dolan},
  title     = {A Diversity-Promoting Objective Function for Neural Conversation Models},
  booktitle = {{NAACL} {HLT} 2016, The 2016 Conference of the North American Chapter
               of the Association for Computational Linguistics: Human Language Technologies,
               San Diego California, USA, June 12-17, 2016},
  pages     = {110--119},
  year      = {2016},
  crossref  = {DBLP:conf/naacl/2016},
  url       = {http://aclweb.org/anthology/N/N16/N16-1014.pdf},
  timestamp = {Tue, 13 Sep 2016 20:32:15 +0200},
  biburl    = {https://dblp.org/rec/bib/conf/naacl/LiGBGD16},
  bibsource = {dblp computer science bibliography, https://dblp.org}
}

@proceedings{DBLP:conf/naacl/2016,
  editor    = {Kevin Knight and
               Ani Nenkova and
               Owen Rambow},
  title     = {{NAACL} {HLT} 2016, The 2016 Conference of the North American Chapter
               of the Association for Computational Linguistics: Human Language Technologies,
               San Diego California, USA, June 12-17, 2016},
  publisher = {The Association for Computational Linguistics},
  year      = {2016},
  isbn      = {978-1-941643-91-4},
  timestamp = {Tue, 13 Sep 2016 19:52:39 +0200},
  biburl    = {https://dblp.org/rec/bib/conf/naacl/2016},
  bibsource = {dblp computer science bibliography, https://dblp.org}
}

