@article{DBLP:journals/corr/LiGBGD16,
  author    = {Jiwei Li and
               Michel Galley and
               Chris Brockett and
               Jianfeng Gao and
               Bill Dolan},
  title     = {A Persona-Based Neural Conversation Model},
  journal   = {CoRR},
  volume    = {abs/1603.06155},
  year      = {2016}
}

