@inproceedings{DBLP:conf/interspeech/MikolovKBCK10,
  author    = {Tomas Mikolov and
               Martin Karafi{\'{a}}t and
               Luk{\'{a}}s Burget and
               Jan Cernock{\'{y}} and
               Sanjeev Khudanpur},
  title     = {Recurrent neural network based language model},
  booktitle = {{INTERSPEECH} 2010, 11th Annual Conference of the International Speech
               Communication Association, Makuhari, Chiba, Japan, September 26-30,
               2010},
  pages     = {1045--1048},
  year      = {2010},
  crossref  = {DBLP:conf/interspeech/2010},
  url       = {http://www.isca-speech.org/archive/interspeech\_2010/i10\_1045.html},
  timestamp = {Thu, 24 Aug 2017 11:26:53 +0200},
  biburl    = {https://dblp.org/rec/bib/conf/interspeech/MikolovKBCK10},
  bibsource = {dblp computer science bibliography, https://dblp.org}
}

@proceedings{DBLP:conf/interspeech/2010,
  editor    = {Takao Kobayashi and
               Keikichi Hirose and
               Satoshi Nakamura},
  title     = {{INTERSPEECH} 2010, 11th Annual Conference of the International Speech
               Communication Association, Makuhari, Chiba, Japan, September 26-30,
               2010},
  publisher = {{ISCA}},
  year      = {2010},
  timestamp = {Thu, 24 Aug 2017 11:26:53 +0200},
  biburl    = {https://dblp.org/rec/bib/conf/interspeech/2010},
  bibsource = {dblp computer science bibliography, https://dblp.org}
}

