@article{DBLP:journals/ml/Williams92,
  author    = {Ronald J. Williams},
  title     = {Simple Statistical Gradient-Following Algorithms for Connectionist
               Reinforcement Learning},
  journal   = {Machine Learning},
  volume    = {8},
  pages     = {229--256},
  year      = {1992},
  url       = {https://doi.org/10.1007/BF00992696},
  doi       = {10.1007/BF00992696},
  timestamp = {Wed, 14 Nov 2018 10:27:02 +0100},
  biburl    = {https://dblp.org/rec/bib/journals/ml/Williams92},
  bibsource = {dblp computer science bibliography, https://dblp.org}
}

