@inproceedings{DBLP:conf/emnlp/ShiKY16,
  author    = {Xing Shi and
               Kevin Knight and
               Deniz Yuret},
  title     = {Why Neural Translations are the Right Length},
  booktitle = {Proceedings of the 2016 Conference on Empirical Methods in Natural
               Language Processing, {EMNLP} 2016, Austin, Texas, USA, November 1-4,
               2016},
  pages     = {2278--2282},
  year      = {2016},
  crossref  = {DBLP:conf/emnlp/2016},
  url       = {http://aclweb.org/anthology/D/D16/D16-1248.pdf},
  timestamp = {Fri, 04 Nov 2016 14:45:31 +0100},
  biburl    = {https://dblp.org/rec/bib/conf/emnlp/ShiKY16},
  bibsource = {dblp computer science bibliography, https://dblp.org}
}

@proceedings{DBLP:conf/emnlp/2016,
  editor    = {Jian Su and
               Xavier Carreras and
               Kevin Duh},
  title     = {Proceedings of the 2016 Conference on Empirical Methods in Natural
               Language Processing, {EMNLP} 2016, Austin, Texas, USA, November 1-4,
               2016},
  publisher = {The Association for Computational Linguistics},
  year      = {2016},
  url       = {http://aclweb.org/anthology/D/D16/},
  isbn      = {978-1-945626-25-8},
  timestamp = {Fri, 04 Nov 2016 14:01:59 +0100},
  biburl    = {https://dblp.org/rec/bib/conf/emnlp/2016},
  bibsource = {dblp computer science bibliography, https://dblp.org}
}

