@article{DBLP:journals/ai/ZhouWT02,
  author    = {Zhi{-}Hua Zhou and
               Jianxin Wu and
               Wei Tang},
  title     = {Ensembling neural networks: Many could be better than all},
  journal   = {Artif. Intell.},
  volume    = {137},
  number    = {1-2},
  pages     = {239--263},
  year      = {2002},
  url       = {https://doi.org/10.1016/S0004-3702(02)00190-X},
  doi       = {10.1016/S0004-3702(02)00190-X},
  timestamp = {Sat, 27 May 2017 14:24:41 +0200},
  biburl    = {https://dblp.org/rec/bib/journals/ai/ZhouWT02},
  bibsource = {dblp computer science bibliography, https://dblp.org}
}

