@article{DBLP:journals/corr/SordoniGABJMNGD15,
  author    = {Alessandro Sordoni and
               Michel Galley and
               Michael Auli and
               Chris Brockett and
               Yangfeng Ji and
               Margaret Mitchell and
               Jian{-}Yun Nie and
               Jianfeng Gao and
               Bill Dolan},
  title     = {A Neural Network Approach to Context-Sensitive Generation of Conversational
               Responses},
  journal   = {CoRR},
  volume    = {abs/1506.06714},
  year      = {2015}
}

