@article{DBLP:journals/corr/VinyalsL15,
  author    = {Oriol Vinyals and
               Quoc V. Le},
  title     = {A Neural Conversational Model},
  journal   = {CoRR},
  volume    = {abs/1506.05869},
  year      = {2015},
  url       = {http://arxiv.org/abs/1506.05869},
  archivePrefix = {arXiv},
  eprint    = {1506.05869},
  timestamp = {Mon, 13 Aug 2018 16:48:58 +0200},
  biburl    = {https://dblp.org/rec/bib/journals/corr/VinyalsL15},
  bibsource = {dblp computer science bibliography, https://dblp.org}
}

