@inproceedings{DBLP:journals/corr/abs-1301-3781,
  author    = {Tomas Mikolov and
               Kai Chen and
               Greg Corrado and
               Jeffrey Dean},
  title     = {Efficient Estimation of Word Representations in Vector Space},
  booktitle = {1st International Conference on Learning Representations, {ICLR} 2013,
               Scottsdale, Arizona, USA, May 2-4, 2013, Workshop Track Proceedings},
  year      = {2013},
  crossref  = {DBLP:conf/iclr/2013w},
  url       = {http://arxiv.org/abs/1301.3781},
  timestamp = {Thu, 04 Apr 2019 13:20:08 +0200},
  biburl    = {https://dblp.org/rec/bib/journals/corr/abs-1301-3781},
  bibsource = {dblp computer science bibliography, https://dblp.org}
}

@proceedings{DBLP:conf/iclr/2013w,
  editor    = {Yoshua Bengio and
               Yann LeCun},
  title     = {1st International Conference on Learning Representations, {ICLR} 2013,
               Scottsdale, Arizona, USA, May 2-4, 2013, Workshop Track Proceedings},
  year      = {2013},
  url       = {https://openreview.net/group?id=ICLR.cc/2013},
  timestamp = {Thu, 04 Apr 2019 13:20:08 +0200},
  biburl    = {https://dblp.org/rec/bib/conf/iclr/2013w},
  bibsource = {dblp computer science bibliography, https://dblp.org}
}

