@InProceedings{W04-1013,
  author = 	"Lin, Chin-Yew",
  title = 	"ROUGE: A Package for Automatic Evaluation of Summaries",
  booktitle = 	"Text Summarization Branches Out",
  year = 	"2004",
  url = 	"http://www.aclweb.org/anthology/W04-1013"
}

