@inproceedings{DBLP:conf/acl/LinO04,
  author    = {Chin{-}Yew Lin and
               Franz Josef Och},
  title     = {Automatic Evaluation of Machine Translation Quality Using Longest
               Common Subsequence and Skip-Bigram Statistics},
  booktitle = {Proceedings of the 42nd Annual Meeting of the Association for Computational
               Linguistics, 21-26 July, 2004, Barcelona, Spain.},
  pages     = {605--612},
  year      = {2004},
  crossref  = {DBLP:conf/acl/2004},
  url       = {http://aclweb.org/anthology/P/P04/P04-1077.pdf},
  timestamp = {Thu, 17 Aug 2017 17:55:41 +0200},
  biburl    = {https://dblp.org/rec/bib/conf/acl/LinO04},
  bibsource = {dblp computer science bibliography, https://dblp.org}
}

@proceedings{DBLP:conf/acl/2004,
  editor    = {Donia Scott and
               Walter Daelemans and
               Marilyn A. Walker},
  title     = {Proceedings of the 42nd Annual Meeting of the Association for Computational
               Linguistics, 21-26 July, 2004, Barcelona, Spain},
  publisher = {{ACL}},
  year      = {2004},
  url       = {http://aclweb.org/anthology/P/P04/},
  timestamp = {Thu, 17 Aug 2017 17:55:41 +0200},
  biburl    = {https://dblp.org/rec/bib/conf/acl/2004},
  bibsource = {dblp computer science bibliography, https://dblp.org}
}

