@article{DBLP:journals/corr/YaoZP15,
  author    = {Kaisheng Yao and
               Geoffrey Zweig and
               Baolin Peng},
  title     = {Attention with Intention for a Neural Network Conversation Model},
  journal   = {CoRR},
  volume    = {abs/1510.08565},
  year      = {2015},
  url       = {http://arxiv.org/abs/1510.08565},
  archivePrefix = {arXiv},
  eprint    = {1510.08565},
  timestamp = {Mon, 13 Aug 2018 16:46:07 +0200},
  biburl    = {https://dblp.org/rec/bib/journals/corr/YaoZP15},
  bibsource = {dblp computer science bibliography, https://dblp.org}
}

