@inproceedings{Ritter:2011:DRG:2145432.2145500,
 author = {Ritter, Alan and Cherry, Colin and Dolan, William B.},
 title = {Data-driven Response Generation in Social Media},
 booktitle = {Proceedings of the Conference on Empirical Methods in Natural Language Processing},
 series = {EMNLP '11},
 year = {2011},
 isbn = {978-1-937284-11-4},
 location = {Edinburgh, United Kingdom},
 pages = {583--593},
 numpages = {11},
 url = {http://dl.acm.org/citation.cfm?id=2145432.2145500},
 acmid = {2145500},
 publisher = {Association for Computational Linguistics},
 address = {Stroudsburg, PA, USA},
}