@inproceedings{DBLP:conf/nips/DentonCSF15,
  author    = {Emily L. Denton and
               Soumith Chintala and
               Arthur Szlam and
               Rob Fergus},
  title     = {Deep Generative Image Models using a Laplacian Pyramid of Adversarial
               Networks},
  booktitle = {Advances in Neural Information Processing Systems 28: Annual Conference
               on Neural Information Processing Systems 2015, December 7-12, 2015,
               Montreal, Quebec, Canada},
  pages     = {1486--1494},
  year      = {2015},
  crossref  = {DBLP:conf/nips/2015},
  url       = {http://papers.nips.cc/paper/5773-deep-generative-image-models-using-a-laplacian-pyramid-of-adversarial-networks},
  timestamp = {Fri, 08 Apr 2016 19:32:52 +0200},
  biburl    = {https://dblp.org/rec/bib/conf/nips/DentonCSF15},
  bibsource = {dblp computer science bibliography, https://dblp.org}
}

@proceedings{DBLP:conf/nips/2015,
  editor    = {Corinna Cortes and
               Neil D. Lawrence and
               Daniel D. Lee and
               Masashi Sugiyama and
               Roman Garnett},
  title     = {Advances in Neural Information Processing Systems 28: Annual Conference
               on Neural Information Processing Systems 2015, December 7-12, 2015,
               Montreal, Quebec, Canada},
  year      = {2015},
  url       = {http://papers.nips.cc/book/advances-in-neural-information-processing-systems-28-2015},
  timestamp = {Fri, 08 Apr 2016 19:32:52 +0200},
  biburl    = {https://dblp.org/rec/bib/conf/nips/2015},
  bibsource = {dblp computer science bibliography, https://dblp.org}
}

