@article{DBLP:journals/corr/LuanJO16,
  author    = {Yi Luan and
               Yangfeng Ji and
               Mari Ostendorf},
  title     = {{LSTM} based Conversation Models},
  journal   = {CoRR},
  volume    = {abs/1603.09457},
  year      = {2016},
  url       = {http://arxiv.org/abs/1603.09457},
  archivePrefix = {arXiv},
  eprint    = {1603.09457},
  timestamp = {Mon, 13 Aug 2018 16:47:32 +0200},
  biburl    = {https://dblp.org/rec/bib/journals/corr/LuanJO16},
  bibsource = {dblp computer science bibliography, https://dblp.org}
}

