@inproceedings{DBLP:conf/acl/ShangLL15,
  author    = {Lifeng Shang and
               Zhengdong Lu and
               Hang Li},
  title     = {Neural Responding Machine for Short-Text Conversation},
  booktitle = {Proceedings of the 53rd Annual Meeting of the Association for Computational
               Linguistics and the 7th International Joint Conference on Natural
               Language Processing of the Asian Federation of Natural Language Processing,
               {ACL} 2015, July 26-31, 2015, Beijing, China, Volume 1: Long Papers},
  pages     = {1577--1586},
  year      = {2015},
  crossref  = {DBLP:conf/acl/2015-1},
  url       = {http://aclweb.org/anthology/P/P15/P15-1152.pdf},
  timestamp = {Wed, 04 Jul 2018 12:02:33 +0200},
  biburl    = {https://dblp.org/rec/bib/conf/acl/ShangLL15},
  bibsource = {dblp computer science bibliography, https://dblp.org}
}

@proceedings{DBLP:conf/acl/2015-1,
  title     = {Proceedings of the 53rd Annual Meeting of the Association for Computational
               Linguistics and the 7th International Joint Conference on Natural
               Language Processing of the Asian Federation of Natural Language Processing,
               {ACL} 2015, July 26-31, 2015, Beijing, China, Volume 1: Long Papers},
  publisher = {The Association for Computer Linguistics},
  year      = {2015},
  url       = {http://aclweb.org/anthology/P/P15/},
  isbn      = {978-1-941643-72-3},
  timestamp = {Sun, 02 Aug 2015 19:10:39 +0200},
  biburl    = {https://dblp.org/rec/bib/conf/acl/2015-1},
  bibsource = {dblp computer science bibliography, https://dblp.org}
}

