@inproceedings{DBLP:conf/aaai/XingWWLHZM17,
  author    = {Chen Xing and
               Wei Wu and
               Yu Wu and
               Jie Liu and
               Yalou Huang and
               Ming Zhou and
               Wei{-}Ying Ma},
  title     = {Topic Aware Neural Response Generation},
  booktitle = {Proceedings of the Thirty-First {AAAI} Conference on Artificial Intelligence,
               February 4-9, 2017, San Francisco, California, {USA.}},
  pages     = {3351--3357},
  year      = {2017},
  crossref  = {DBLP:conf/aaai/2017},
  url       = {http://aaai.org/ocs/index.php/AAAI/AAAI17/paper/view/14563},
  timestamp = {Thu, 27 Sep 2018 13:28:00 +0200},
  biburl    = {https://dblp.org/rec/bib/conf/aaai/XingWWLHZM17},
  bibsource = {dblp computer science bibliography, https://dblp.org}
}

@proceedings{DBLP:conf/aaai/2017,
  editor    = {Satinder P. Singh and
               Shaul Markovitch},
  title     = {Proceedings of the Thirty-First {AAAI} Conference on Artificial Intelligence,
               February 4-9, 2017, San Francisco, California, {USA}},
  publisher = {{AAAI} Press},
  year      = {2017},
  url       = {http://www.aaai.org/Library/AAAI/aaai17contents.php},
  timestamp = {Mon, 06 Mar 2017 08:17:31 +0100},
  biburl    = {https://dblp.org/rec/bib/conf/aaai/2017},
  bibsource = {dblp computer science bibliography, https://dblp.org}
}

