@article{DBLP:journals/corr/ZarembaSV14,
  author    = {Wojciech Zaremba and
               Ilya Sutskever and
               Oriol Vinyals},
  title     = {Recurrent Neural Network Regularization},
  journal   = {CoRR},
  volume    = {abs/1409.2329},
  year      = {2014},
  url       = {http://arxiv.org/abs/1409.2329},
  archivePrefix = {arXiv},
  eprint    = {1409.2329},
  timestamp = {Mon, 13 Aug 2018 16:47:17 +0200},
  biburl    = {https://dblp.org/rec/bib/journals/corr/ZarembaSV14},
  bibsource = {dblp computer science bibliography, https://dblp.org}
}

