@inproceedings{DBLP:conf/nips/SutskeverVL14,
  author    = {Ilya Sutskever and
               Oriol Vinyals and
               Quoc V. Le},
  title     = {Sequence to Sequence Learning with Neural Networks},
  booktitle = {Advances in Neural Information Processing Systems 27: Annual Conference
               on Neural Information Processing Systems 2014, December 8-13 2014,
               Montreal, Quebec, Canada},
  pages     = {3104--3112},
  year      = {2014},
  crossref  = {DBLP:conf/nips/2014},
  url       = {http://papers.nips.cc/paper/5346-sequence-to-sequence-learning-with-neural-networks},
  timestamp = {Wed, 10 Dec 2014 21:34:12 +0100},
  biburl    = {https://dblp.org/rec/bib/conf/nips/SutskeverVL14},
  bibsource = {dblp computer science bibliography, https://dblp.org}
}

@proceedings{DBLP:conf/nips/2014,
  editor    = {Zoubin Ghahramani and
               Max Welling and
               Corinna Cortes and
               Neil D. Lawrence and
               Kilian Q. Weinberger},
  title     = {Advances in Neural Information Processing Systems 27: Annual Conference
               on Neural Information Processing Systems 2014, December 8-13 2014,
               Montreal, Quebec, Canada},
  year      = {2014},
  url       = {http://papers.nips.cc/book/advances-in-neural-information-processing-systems-27-2014},
  timestamp = {Wed, 10 Dec 2014 21:34:12 +0100},
  biburl    = {https://dblp.org/rec/bib/conf/nips/2014},
  bibsource = {dblp computer science bibliography, https://dblp.org}
}

