@inproceedings{DBLP:conf/acl/JeanCMB15,
  author    = {S{\'{e}}bastien Jean and
               KyungHyun Cho and
               Roland Memisevic and
               Yoshua Bengio},
  title     = {On Using Very Large Target Vocabulary for Neural Machine Translation},
  booktitle = {Proceedings of the 53rd Annual Meeting of the Association for Computational
               Linguistics and the 7th International Joint Conference on Natural
               Language Processing of the Asian Federation of Natural Language Processing,
               {ACL} 2015, July 26-31, 2015, Beijing, China, Volume 1: Long Papers},
  pages     = {1--10},
  year      = {2015},
  crossref  = {DBLP:conf/acl/2015-1},
  url       = {http://aclweb.org/anthology/P/P15/P15-1001.pdf},
  timestamp = {Sun, 02 Aug 2015 19:26:07 +0200},
  biburl    = {https://dblp.org/rec/bib/conf/acl/JeanCMB15},
  bibsource = {dblp computer science bibliography, https://dblp.org}
}

@proceedings{DBLP:conf/acl/2015-1,
  title     = {Proceedings of the 53rd Annual Meeting of the Association for Computational
               Linguistics and the 7th International Joint Conference on Natural
               Language Processing of the Asian Federation of Natural Language Processing,
               {ACL} 2015, July 26-31, 2015, Beijing, China, Volume 1: Long Papers},
  publisher = {The Association for Computer Linguistics},
  year      = {2015},
  url       = {http://aclweb.org/anthology/P/P15/},
  isbn      = {978-1-941643-72-3},
  timestamp = {Sun, 02 Aug 2015 19:10:39 +0200},
  biburl    = {https://dblp.org/rec/bib/conf/acl/2015-1},
  bibsource = {dblp computer science bibliography, https://dblp.org}
}

