@article{DBLP:journals/corr/GoodfellowPMXWOCB14,
  author    = {Ian J. Goodfellow and
               Jean Pouget{-}Abadie and
               Mehdi Mirza and
               Bing Xu and
               David Warde{-}Farley and
               Sherjil Ozair and
               Aaron C. Courville and
               Yoshua Bengio},
  title     = {Generative Adversarial Networks},
  journal   = {CoRR},
  volume    = {abs/1406.2661},
  year      = {2014},
  url       = {http://arxiv.org/abs/1406.2661},
  archivePrefix = {arXiv},
  eprint    = {1406.2661},
  timestamp = {Mon, 13 Aug 2018 16:47:18 +0200},
  biburl    = {https://dblp.org/rec/bib/journals/corr/GoodfellowPMXWOCB14},
  bibsource = {dblp computer science bibliography, https://dblp.org}
}

