@book{DBLP:books/cu/SB2014,
  editor    = {Amanda Stent and
               Srinivas Bangalore},
  title     = {Natural Language Generation in Interactive Systems},
  publisher = {Cambridge University Press},
  year      = {2014},
  url       = {https://doi.org/10.1017/CBO9780511844492},
  doi       = {10.1017/CBO9780511844492},
  isbn      = {9780511844492},
  timestamp = {Tue, 16 May 2017 14:01:41 +0200},
  biburl    = {https://dblp.org/rec/bib/books/cu/SB2014},
  bibsource = {dblp computer science bibliography, https://dblp.org}
}

