@article{DBLP:journals/csl/YoungGKMSTY10,
  author    = {Steve J. Young and
               Milica Gasic and
               Simon Keizer and
               Fran{\c{c}}ois Mairesse and
               Jost Schatzmann and
               Blaise Thomson and
               Kai Yu},
  title     = {The Hidden Information State model: {A} practical framework for POMDP-based
               spoken dialogue management},
  journal   = {Computer Speech {\&} Language},
  volume    = {24},
  number    = {2},
  pages     = {150--174},
  year      = {2010},
  url       = {https://doi.org/10.1016/j.csl.2009.04.001},
  doi       = {10.1016/j.csl.2009.04.001},
  timestamp = {Sat, 27 May 2017 14:23:33 +0200},
  biburl    = {https://dblp.org/rec/bib/journals/csl/YoungGKMSTY10},
  bibsource = {dblp computer science bibliography, https://dblp.org}
}

