@article{DBLP:journals/ieicet/NioSNTN14,
  author    = {Lasguido Nio and
               Sakriani Sakti and
               Graham Neubig and
               Tomoki Toda and
               Satoshi Nakamura},
  title     = {Utilizing Human-to-Human Conversation Examples for a Multi Domain
               Chat-Oriented Dialog System},
  journal   = {{IEICE} Transactions},
  volume    = {97-D},
  number    = {6},
  pages     = {1497--1505},
  year      = {2014},
  url       = {https://doi.org/10.1587/transinf.E97.D.1497},
  doi       = {10.1587/transinf.E97.D.1497},
  timestamp = {Fri, 28 Sep 2018 12:57:36 +0200},
  biburl    = {https://dblp.org/rec/bib/journals/ieicet/NioSNTN14},
  bibsource = {dblp computer science bibliography, https://dblp.org}
}

