@inproceedings{DBLP:conf/eacl/Rojas-BarahonaG17,
  author    = {Lina Maria Rojas{-}Barahona and
               Milica Gasic and
               Nikola Mrksic and
               Pei{-}Hao Su and
               Stefan Ultes and
               Tsung{-}Hsien Wen and
               Steve J. Young and
               David Vandyke},
  title     = {A Network-based End-to-End Trainable Task-oriented Dialogue System},
  booktitle = {Proceedings of the 15th Conference of the European Chapter of the
               Association for Computational Linguistics, {EACL} 2017, Valencia,
               Spain, April 3-7, 2017, Volume 1: Long Papers},
  pages     = {438--449},
  year      = {2017},
  crossref  = {DBLP:conf/eacl/2017-1},
  url       = {https://aclanthology.info/papers/E17-1042/e17-1042},
  timestamp = {Wed, 17 Jan 2018 15:46:16 +0100},
  biburl    = {https://dblp.org/rec/bib/conf/eacl/Rojas-BarahonaG17},
  bibsource = {dblp computer science bibliography, https://dblp.org}
}

@proceedings{DBLP:conf/eacl/2017-1,
  editor    = {Mirella Lapata and
               Phil Blunsom and
               Alexander Koller},
  title     = {Proceedings of the 15th Conference of the European Chapter of the
               Association for Computational Linguistics, {EACL} 2017, Valencia,
               Spain, April 3-7, 2017, Volume 1: Long Papers},
  publisher = {Association for Computational Linguistics},
  year      = {2017},
  url       = {http://aclanthology.info/volumes/proceedings-of-the-15th-conference-of-the-european-chapter-of-the-association-for-computational-linguistics-volume-1-long-papers},
  isbn      = {978-1-945626-34-0},
  timestamp = {Wed, 09 Aug 2017 16:04:18 +0200},
  biburl    = {https://dblp.org/rec/bib/conf/eacl/2017-1},
  bibsource = {dblp computer science bibliography, https://dblp.org}
}

