@article{DBLP:journals/tsp/SchusterP97,
  author    = {Mike Schuster and
               Kuldip K. Paliwal},
  title     = {Bidirectional recurrent neural networks},
  journal   = {{IEEE} Trans. Signal Processing},
  volume    = {45},
  number    = {11},
  pages     = {2673--2681},
  year      = {1997},
  url       = {https://doi.org/10.1109/78.650093},
  doi       = {10.1109/78.650093},
  timestamp = {Thu, 18 May 2017 09:55:16 +0200},
  biburl    = {https://dblp.org/rec/bib/journals/tsp/SchusterP97},
  bibsource = {dblp computer science bibliography, https://dblp.org}
}

