@inproceedings{DBLP:conf/naacl/XuJLRWWWW18,
  author    = {Zhen Xu and
               Nan Jiang and
               Bingquan Liu and
               Wenge Rong and
               Bowen Wu and
               Baoxun Wang and
               Zhuoran Wang and
               Xiaolong Wang},
  title     = {{LSDSCC:} a Large Scale Domain-Specific Conversational Corpus for
               Response Generation with Diversity Oriented Evaluation Metrics},
  booktitle = {Proceedings of the 2018 Conference of the North American Chapter of
               the Association for Computational Linguistics: Human Language Technologies,
               {NAACL-HLT} 2018, New Orleans, Louisiana, USA, June 1-6, 2018, Volume
               1 (Long Papers)},
  pages     = {2070--2080},
  year      = {2018},
  crossref  = {DBLP:conf/naacl/2018-1},
  url       = {https://aclanthology.info/papers/N18-1188/n18-1188},
  timestamp = {Wed, 28 Nov 2018 09:26:28 +0100},
  biburl    = {https://dblp.org/rec/bib/conf/naacl/XuJLRWWWW18},
  bibsource = {dblp computer science bibliography, https://dblp.org}
}

@proceedings{DBLP:conf/naacl/2018-1,
  editor    = {Marilyn A. Walker and
               Heng Ji and
               Amanda Stent},
  title     = {Proceedings of the 2018 Conference of the North American Chapter of
               the Association for Computational Linguistics: Human Language Technologies,
               {NAACL-HLT} 2018, New Orleans, Louisiana, USA, June 1-6, 2018, Volume
               1 (Long Papers)},
  publisher = {Association for Computational Linguistics},
  year      = {2018},
  url       = {https://aclanthology.info/volumes/proceedings-of-the-2018-conference-of-the-north-american-chapter-of-the-association-for-computational-linguistics-human-language-technologies-volume-1-long-papers},
  isbn      = {978-1-948087-27-8},
  timestamp = {Wed, 30 May 2018 15:04:59 +0200},
  biburl    = {https://dblp.org/rec/bib/conf/naacl/2018-1},
  bibsource = {dblp computer science bibliography, https://dblp.org}
}

