@book{DBLP:books/lib/Harris68,
  author    = {Zellig S. Harris},
  title     = {Mathematical structures of language},
  series    = {Interscience tracts in pure and applied mathematics},
  volume    = {21},
  publisher = {Interscience Publ.},
  year      = {1968},
  url       = {http://www.worldcat.org/oclc/00439265},
  isbn      = {0470353163},
  timestamp = {Wed, 03 May 2017 18:39:06 +0200},
  biburl    = {https://dblp.org/rec/bib/books/lib/Harris68},
  bibsource = {dblp computer science bibliography, https://dblp.org}
}

