@article{A_Short_Review,
	author = {Iulian Vlad Serban and
Ryan Lowe and
Laurent Charlin and
Joelle Pineau},
	journal = {CoRR},
	title = {Generative Deep Neural Networks for Dialogue: {A} Short Review},
	volume = {abs/1611.06216},
	year = {2016}
}

@inproceedings{AdamOpt,
	author = {Diederik P. Kingma and
Jimmy Ba},
	booktitle = {3rd International Conference on Learning Representations},
	title = {Adam: {A} Method for Stochastic Optimization},
	year = {2015}
}

@inproceedings{ADEM,
	author = {Ryan Lowe and
Michael Noseworthy and
Iulian Vlad Serban and
Nicolas Angelard{-}Gontier and
Yoshua Bengio and
Joelle Pineau},
	booktitle = {Proceedings of the 55th Annual Meeting of the Association for Computational
Linguistics},
	pages = {1116--1126},
	title = {Towards an Automatic Turing Test: Learning to Evaluate Dialogue Responses},
	year = {2017}
}

@article{AdverEval,
	author = {Anjuli Kannan and
Oriol Vinyals},
	journal = {CoRR},
	title = {Adversarial Evaluation of Dialogue Models},
	volume = {abs/1701.08198},
	year = {2017}
}

@inproceedings{Adversarial,
	author = {Jiwei Li and
Will Monroe and
Tianlin Shi and
S{\'{e}}bastien Jean and
Alan Ritter and
Dan Jurafsky},
	booktitle = {{EMNLP}},
	pages = {2157--2169},
	publisher = {Association for Computational Linguistics},
	title = {Adversarial Learning for Neural Dialogue Generation},
	year = {2017}
}

@inproceedings{beer,
	author = {Milos Stanojevic and
Khalil Sima'an},
	booktitle = {Proceedings of the Ninth Workshop on Statistical Machine Translation},
	pages = {414--419},
	title = {{BEER:} BEtter Evaluation as Ranking},
	year = {2014}
}

@article{BiRNN,
	author = {Mike Schuster and
Kuldip K. Paliwal},
	journal = {{IEEE} Trans. Signal Processing},
	number = {11},
	pages = {2673--2681},
	title = {Bidirectional recurrent neural networks},
	volume = {45},
	year = {1997}
}

@inproceedings{BLEU,
	author = {Kishore Papineni and
Salim Roukos and
Todd Ward and
Wei{-}Jing Zhu},
	booktitle = {Proceedings of the 40th Annual Meeting of the Association for Computational
Linguistics},
	pages = {311--318},
	title = {Bleu: a Method for Automatic Evaluation of Machine Translation},
	year = {2002}
}

@inproceedings{chrf,
	author = {Maja Popovic},
	booktitle = {Proceedings of the Tenth Workshop on Statistical Machine Translation},
	pages = {392--395},
	title = {chrF: character n-gram F-score for automatic {MT} evaluation},
	year = {2015}
}

@article{corpus_survey,
	author = {Iulian Vlad Serban and
Ryan Lowe and
Peter Henderson and
Laurent Charlin and
Joelle Pineau},
	journal = {CoRR},
	title = {A Survey of Available Corpora for Building Data-Driven Dialogue Systems},
	volume = {abs/1512.05742},
	year = {2015}
}

@inproceedings{DailyDialog,
	author = {Yanran Li and
Hui Su and
Xiaoyu Shen and
Wenjie Li and
Ziqiang Cao and
Shuzi Niu},
	booktitle = {Proceedings of the Eighth International Joint Conference on Natural
Language Processing},
	pages = {986--995},
	title = {DailyDialog: {A} Manually Labelled Multi-turn Dialogue Dataset},
	year = {2017}
}

@article{DCGM,
	author = {Alessandro Sordoni and
Michel Galley and
Michael Auli and
Chris Brockett and
Yangfeng Ji and
Margaret Mitchell and
Jian{-}Yun Nie and
Jianfeng Gao and
Bill Dolan},
	journal = {CoRR},
	title = {A Neural Network Approach to Context-Sensitive Generation of Conversational
Responses},
	volume = {abs/1506.06714},
	year = {2015}
}

@techreport{Deep_Learning_Based_Chatbot_Models,
	author = {Csáky, Richárd},
	title = {Deep Learning Based Chatbot Models},
	year = {2017}
}

@inproceedings{deep_RL,
	author = {Jiwei Li and
Will Monroe and
Alan Ritter and
Dan Jurafsky and
Michel Galley and
Jianfeng Gao},
	booktitle = {Proceedings of the 2016 Conference on Empirical Methods in Natural
Language Processing},
	pages = {1192--1202},
	title = {Deep Reinforcement Learning for Dialogue Generation},
	year = {2016}
}

@inproceedings{DeltaBLEU,
	author = {Michel Galley and
Chris Brockett and
Alessandro Sordoni and
Yangfeng Ji and
Michael Auli and
Chris Quirk and
Margaret Mitchell and
Jianfeng Gao and
Bill Dolan},
	booktitle = {Proceedings of the 53rd Annual Meeting of the Association for Computational
Linguistics and the 7th International Joint Conference on Natural
Language Processing of the Asian Federation of Natural Language Processing},
	pages = {445--450},
	title = {deltaBLEU: {A} Discriminative Metric for Generation Tasks with Intrinsically
Diverse Targets},
	year = {2015}
}

@article{Distill,
	author = {Jiwei Li and
Will Monroe and
Dan Jurafsky},
	journal = {CoRR},
	title = {Data Distillation for Controlling Specificity in Dialogue Generation},
	volume = {abs/1702.06703},
	year = {2017}
}

@article{distributed_hypothesis,
	author = {Harris, Zellig},
	journal = {Word},
	number = {23},
	pages = {146--162},
	title = {Distributional structure},
	volume = {10},
	year = {1954}
}

@article{DiverseBeam,
	author = {Jiwei Li and
Will Monroe and
Dan Jurafsky},
	journal = {CoRR},
	title = {A Simple, Fast Diverse Decoding Algorithm for Neural Generation},
	volume = {abs/1611.08562},
	year = {2016}
}

@inproceedings{ECM,
	author = {Hao Zhou and
Minlie Huang and
Tianyang Zhang and
Xiaoyan Zhu and
Bing Liu},
	booktitle = {Proceedings of the Thirty-Second {AAAI} Conference on Artificial Intelligence},
	pages = {730--739},
	title = {Emotional Chatting Machine: Emotional Conversation Generation with
Internal and External Memory},
	year = {2018}
}

@inproceedings{EffectiveAttention,
	author = {Thang Luong and
Hieu Pham and
Christopher D. Manning},
	booktitle = {Proceedings of the 2015 Conference on Empirical Methods in Natural
Language Processing},
	pages = {1412--1421},
	title = {Effective Approaches to Attention-based Neural Machine Translation},
	year = {2015}
}

@article{Future,
	author = {Jiwei Li and
Will Monroe and
Dan Jurafsky},
	journal = {CoRR},
	title = {Learning to Decode for Future Success},
	volume = {abs/1701.06549},
	year = {2017}
}

@article{GAN,
	author = {Ian J. Goodfellow and
Jean Pouget{-}Abadie and
Mehdi Mirza and
Bing Xu and
David Warde{-}Farley and
Sherjil Ozair and
Aaron C. Courville and
Yoshua Bengio},
	journal = {CoRR},
	title = {Generative Adversarial Networks},
	volume = {abs/1406.2661},
	year = {2014}
}

@inproceedings{Glove,
	author = {Jeffrey Pennington and
Richard Socher and
Christopher D. Manning},
	booktitle = {Proceedings of the 2014 Conference on Empirical Methods in Natural
Language Processing},
	pages = {1532--1543},
	title = {Glove: Global Vectors for Word Representation},
	year = {2014}
}

@inproceedings{gone_awry,
	author = {Justine Zhang and
Jonathan P. Chang and
Cristian Danescu{-}Niculescu{-}Mizil and
Lucas Dixon and
Yiqing Hua and
Dario Taraborelli and
Nithum Thain},
	booktitle = {Proceedings of the 56th Annual Meeting of the Association for Computational
Linguistics},
	pages = {1350--1361},
	title = {Conversations Gone Awry: Detecting Early Signs of Conversational Failure},
	year = {2018}
}

@article{GoogleChatbot,
	author = {Oriol Vinyals and
Quoc V. Le},
	journal = {CoRR},
	title = {A Neural Conversational Model},
	volume = {abs/1506.05869},
	year = {2015}
}

@inproceedings{GreedyAndOptimal,
	author = {Vasile Rus and
Mihai C. Lintean},
	booktitle = {Proceedings of the Seventh Workshop on Building Educational Applications
Using NLP},
	pages = {157--162},
	title = {A Comparison of Greedy and Optimal Assessment of Natural Language
Student Input Using Word-to-Word Similarity Metrics},
	year = {2012}
}

@inproceedings{GRU,
	author = {Kyunghyun Cho and
Bart van Merrienboer and
{\c{C}}aglar G{\"{u}}l{\c{c}}ehre and
Dzmitry Bahdanau and
Fethi Bougares and
Holger Schwenk and
Yoshua Bengio},
	booktitle = {Proceedings of the 2014 Conference on Empirical Methods in Natural
Language Processing},
	pages = {1724--1734},
	title = {Learning Phrase Representations using {RNN} Encoder-Decoder for Statistical
Machine Translation},
	year = {2014}
}

@inproceedings{HowNot,
	author = {Chia{-}Wei Liu and
Ryan Lowe and
Iulian Serban and
Michael Noseworthy and
Laurent Charlin and
Joelle Pineau},
	booktitle = {Proceedings of the 2016 Conference on Empirical Methods in Natural
Language Processing},
	pages = {2122--2132},
	title = {How {NOT} To Evaluate Your Dialogue System: An Empirical Study of
Unsupervised Evaluation Metrics for Dialogue Response Generation},
	year = {2016}
}

@inproceedings{HRED,
	author = {Iulian Vlad Serban and
Alessandro Sordoni and
Yoshua Bengio and
Aaron C. Courville and
Joelle Pineau},
	booktitle = {Proceedings of the Thirtieth {AAAI} Conference on Artificial Intelligence},
	pages = {3776--3784},
	title = {Building End-To-End Dialogue Systems Using Generative Hierarchical
Neural Network Models},
	year = {2016}
}

@inproceedings{hred-qs,
	author = {Alessandro Sordoni and
Yoshua Bengio and
Hossein Vahabi and
Christina Lioma and
Jakob Grue Simonsen and
Jian{-}Yun Nie},
	booktitle = {Proceedings of the 24th {ACM} International Conference on Information
and Knowledge Management},
	pages = {553--562},
	title = {A Hierarchical Recurrent Encoder-Decoder for Generative Context-Aware
Query Suggestion},
	year = {2015}
}

@inproceedings{JointTransAlign,
	author = {Dzmitry Bahdanau and
Kyunghyun Cho and
Yoshua Bengio},
	booktitle = {3rd International Conference on Learning Representations},
	title = {Neural Machine Translation by Jointly Learning to Align and Translate},
	year = {2015}
}

@inproceedings{LSDSCC,
	author = {Zhen Xu and
Nan Jiang and
Bingquan Liu and
Wenge Rong and
Bowen Wu and
Baoxun Wang and
Zhuoran Wang and
Xiaolong Wang},
	booktitle = {Proceedings of the 2018 Conference of the North American Chapter of
the Association for Computational Linguistics: Human Language Technologies},
	pages = {2070--2080},
	title = {{LSDSCC:} a Large Scale Domain-Specific Conversational Corpus for
Response Generation with Diversity Oriented Evaluation Metrics},
	year = {2018}
}

@article{LSTM,
	author = {Sepp Hochreiter and
J{\"{u}}rgen Schmidhuber},
	journal = {Neural Computation},
	number = {8},
	pages = {1735--1780},
	title = {Long Short-Term Memory},
	volume = {9},
	year = {1997}
}

@inproceedings{Luke_SubTle,
	author = {David Ameixa and
Lu{\'{\i}}sa Coheur and
Pedro Fialho and
Paulo Quaresma},
	booktitle = {Intelligent Virtual Agents - 14th International Conference},
	pages = {13--21},
	title = {Luke, {I} am Your Father: Dealing with Out-of-Domain Requests by Using
Movies Subtitles},
	year = {2014}
}

@book{Mathematical_structures_of_language,
	author = {Zellig S. Harris},
	publisher = {Interscience Publ.},
	title = {Mathematical structures of language},
	volume = {21},
	year = {1968}
}

@inproceedings{METEOR,
	author = {Satanjeev Banerjee and
Alon Lavie},
	booktitle = {Proceedings of the Workshop on Intrinsic and Extrinsic Evaluation
Measures for Machine Translation and/or Summarization@ACL 2005},
	pages = {65--72},
	title = {{METEOR:} An Automatic Metric for {MT} Evaluation with Improved Correlation
with Human Judgments},
	year = {2005}
}

@inproceedings{MMI,
	author = {Jiwei Li and
Michel Galley and
Chris Brockett and
Jianfeng Gao and
Bill Dolan},
	booktitle = {{NAACL} {HLT} 2016},
	pages = {110--119},
	title = {A Diversity-Promoting Objective Function for Neural Conversation Models},
	year = {2016}
}

@inproceedings{Movie-DiC,
	author = {Rafael E. Banchs},
	booktitle = {The 50th Annual Meeting of the Association for Computational Linguistics},
	pages = {203--207},
	title = {Movie-DiC: a Movie Dialogue Corpus for Research and Development},
	year = {2012}
}

@article{movie_dialogs_corpus,
	author = {Cristian Danescu{-}Niculescu{-}Mizil and
Lillian Lee},
	journal = {CoRR},
	title = {Chameleons in imagined conversations: {A} new approach to understanding
coordination of linguistic style in dialogs},
	volume = {abs/1106.3077},
	year = {2011}
}

@inproceedings{MrRNN,
	author = {Iulian Vlad Serban and
Tim Klinger and
Gerald Tesauro and
Kartik Talamadupula and
Bowen Zhou and
Yoshua Bengio and
Aaron C. Courville},
	booktitle = {Proceedings of the Thirty-First {AAAI} Conference on Artificial Intelligence},
	pages = {3288--3294},
	title = {Multiresolution Recurrent Neural Networks: An Application to Dialogue
Response Generation},
	year = {2017}
}

@inproceedings{NIST,
	author = {Doddington, George},
	booktitle = {Proceedings of the Second International Conference on Human Language Technology Research},
	pages = {138--145},
	publisher = {Morgan Kaufmann Publishers Inc.},
	title = {Automatic Evaluation of Machine Translation Quality Using N-gram Co-occurrence Statistics},
	year = {2002}
}

@article{NNLM,
	author = {Yoshua Bengio and
R{\'{e}}jean Ducharme and
Pascal Vincent and
Christian Janvin},
	journal = {Journal of Machine Learning Research},
	pages = {1137--1155},
	title = {A Neural Probabilistic Language Model},
	volume = {3},
	year = {2003}
}

@inproceedings{NUC,
	author = {Ryan Lowe and
Iulian Vlad Serban and
Michael Noseworthy and
Laurent Charlin and
Joelle Pineau},
	booktitle = {Proceedings of the {SIGDIAL} 2016 Conference},
	pages = {264--269},
	title = {On the Evaluation of Dialogue Systems with Next Utterance Classification},
	year = {2016}
}

@inproceedings{opensub,
	author = {Pierre Lison and
J{\"{o}}rg Tiedemann},
	booktitle = {Proceedings of the Tenth International Conference on Language Resources
and Evaluation {LREC} 2016},
	title = {OpenSubtitles2016: Extracting Large Parallel Corpora from Movie and
{TV} Subtitles},
	year = {2016}
}

@inbook{OPUS,
	author = {Tiedemann, Jörg},
	journal = {Recent Advances in Natural Language Processing},
	pages = {237-248},
	title = {News from OPUS—A Collection of Multilingual Parallel Corpora with Tools and Interfaces},
	volume = {5},
	year = {2009}
}

@inproceedings{parliamentary,
	author = {Justine Zhang and
Arthur Spirling and
Cristian Danescu{-}Niculescu{-}Mizil},
	booktitle = {Proceedings of the 2017 Conference on Empirical Methods in Natural
Language Processing},
	pages = {1558--1572},
	title = {Asking too much? The rhetorical role of questions in political discourse},
	year = {2017}
}

@article{persona,
	author = {Jiwei Li and
Michel Galley and
Chris Brockett and
Jianfeng Gao and
Bill Dolan},
	journal = {CoRR},
	title = {A Persona-Based Neural Conversation Model},
	volume = {abs/1603.06155},
	year = {2016}
}

@inproceedings{Ritter11,
	author = {Ritter, Alan and Cherry, Colin and Dolan, William B.},
	booktitle = {Proceedings of the Conference on Empirical Methods in Natural Language Processing},
	pages = {583--593},
	publisher = {Association for Computational Linguistics},
	title = {Data-driven Response Generation in Social Media},
	year = {2011}
}

@inproceedings{RNNLM,
	author = {Tomas Mikolov and
Martin Karafi{\'{a}}t and
Luk{\'{a}}s Burget and
Jan Cernock{\'{y}} and
Sanjeev Khudanpur},
	booktitle = {{INTERSPEECH} 2010},
	pages = {1045--1048},
	title = {Recurrent neural network based language model},
	year = {2010}
}

@inproceedings{ROUGE,
	author = {Lin, Chin-Yew},
	booktitle = {Text Summarization Branches Out},
	title = {ROUGE: A Package for Automatic Evaluation of Summaries},
	year = {2004}
}

@inproceedings{RUBER,
	author = {Chongyang Tao and
Lili Mou and
Dongyan Zhao and
Rui Yan},
	booktitle = {Proceedings of the Thirty-Second {AAAI} Conference on Artificial Intelligence},
	pages = {722--729},
	title = {{RUBER:} An Unsupervised Method for Automatic Evaluation of Open-Domain
Dialog Systems},
	year = {2018}
}

@inproceedings{sBLEU-Smooth,
	author = {Boxing Chen and
Colin Cherry},
	booktitle = {Proceedings of the Ninth Workshop on Statistical Machine Translation},
	pages = {362--367},
	title = {A Systematic Comparison of Smoothing Techniques for Sentence-Level
{BLEU}},
	year = {2014}
}

@inproceedings{Seq2Seq,
	author = {Ilya Sutskever and
Oriol Vinyals and
Quoc V. Le},
	booktitle = {Advances in Neural Information Processing Systems 27: Annual Conference
on Neural Information Processing Systems 2014},
	pages = {3104--3112},
	title = {Sequence to Sequence Learning with Neural Networks},
	year = {2014}
}

@inproceedings{Shang,
	author = {Lifeng Shang and
Zhengdong Lu and
Hang Li},
	booktitle = {Proceedings of the 53rd Annual Meeting of the Association for Computational
Linguistics and the 7th International Joint Conference on Natural
Language Processing of the Asian Federation of Natural Language Processing},
	pages = {1577--1586},
	title = {Neural Responding Machine for Short-Text Conversation},
	year = {2015}
}

@inproceedings{supreme,
	author = {Cristian Danescu{-}Niculescu{-}Mizil and
Lillian Lee and
Bo Pang and
Jon M. Kleinberg},
	booktitle = {Proceedings of the 21st World Wide Web Conference 2012},
	pages = {699--708},
	title = {Echoes of power: language effects and power differences in social
interaction},
	year = {2012}
}

@article{tennis_corpus,
	author = {Liye Fu and
Cristian Danescu{-}Niculescu{-}Mizil and
Lillian Lee},
	journal = {CoRR},
	title = {Tie-breaker: Using language models to quantify gender bias in sports
journalism},
	volume = {abs/1607.03895},
	year = {2016}
}

@inproceedings{TER,
	author = {Matthew Snover and Bonnie Dorr and Richard Schwartz and Linnea Micciulla and John Makhoul},
	booktitle = {In Proceedings of the 7th Conference of the Association for Machine Translation in the Americas (AMTA},
	pages = {223--231},
	title = {A Study of Translation Edit Rate with Targeted Human Annotation},
	year = {2006}
}

@inproceedings{Topic_Aware,
	author = {Chen Xing and
Wei Wu and
Yu Wu and
Jie Liu and
Yalou Huang and
Ming Zhou and
Wei{-}Ying Ma},
	booktitle = {Proceedings of the Thirty-First {AAAI} Conference on Artificial Intelligence},
	pages = {3351--3357},
	title = {Topic Aware Neural Response Generation},
	year = {2017}
}

@article{Transformer,
	author = {Ashish Vaswani and
Noam Shazeer and
Niki Parmar and
Jakob Uszkoreit and
Llion Jones and
Aidan N. Gomez and
Lukasz Kaiser and
Illia Polosukhin},
	journal = {CoRR},
	title = {Attention Is All You Need},
	volume = {abs/1706.03762},
	year = {2017}
}

@article{Two_are_better_than_one,
	author = {Yiping Song and
Rui Yan and
Xiang Li and
Dongyan Zhao and
Ming Zhang},
	journal = {CoRR},
	title = {Two are Better than One: An Ensemble of Retrieval- and Generation-Based
Dialog Systems},
	volume = {abs/1610.07149},
	year = {2016}
}

@inproceedings{ubuntu_corpus,
	author = {Ryan Lowe and
Nissan Pow and
Iulian Serban and
Joelle Pineau},
	booktitle = {Proceedings of the {SIGDIAL} 2015 Conference},
	pages = {285--294},
	title = {The Ubuntu Dialogue Corpus: {A} Large Dataset for Research in Unstructured
Multi-Turn Dialogue Systems},
	year = {2015}
}

@article{UserSimMetrics,
	author = {Olivier Pietquin and
Helen F. Hastie},
	journal = {Knowledge Eng. Review},
	number = {1},
	pages = {59--73},
	title = {A survey on metrics for the evaluation of user simulations},
	volume = {28},
	year = {2013}
}

@article{VanishingGradient,
	author = {Sepp Hochreiter},
	journal = {International Journal of Uncertainty, Fuzziness and Knowledge-Based
Systems},
	number = {2},
	pages = {107--116},
	title = {The Vanishing Gradient Problem During Learning Recurrent Neural Nets
and Problem Solutions},
	volume = {6},
	year = {1998}
}

@inproceedings{Vector_Extrema,
	author = {Forgues and J. Pineau and J. Larcheveque and R. Tremblay},
	booktitle = {Workshop on Modern Machine Learning and Natural Language Processing},
	title = {Bootstrapping Dialog Systems with Word Embeddings},
	year = {2014}
}

@inproceedings{VectorBasedSTS,
	author = {Georgiana Dinu and
Stefan Thater},
	booktitle = {Proceedings of the 6th International Workshop on Semantic Evaluation},
	pages = {603--607},
	title = {Saarland: Vector-based models of semantic textual similarity},
	year = {2012}
}

@inproceedings{VectorCompose,
	author = {Jeff Mitchell and
Mirella Lapata},
	booktitle = {{ACL} 2008},
	pages = {236--244},
	title = {Vector-based Models of Semantic Composition},
	year = {2008}
}

@article{VHRED,
	author = {Iulian Vlad Serban and
Alessandro Sordoni and
Ryan Lowe and
Laurent Charlin and
Joelle Pineau and
Aaron C. Courville and
Yoshua Bengio},
	journal = {CoRR},
	title = {A Hierarchical Latent Variable Encoder-Decoder Model for Generating
Dialogues},
	volume = {abs/1605.06069},
	year = {2016}
}

@inproceedings{weibo,
	author = {Hao Wang and
Zhengdong Lu and
Hang Li and
Enhong Chen},
	booktitle = {Proceedings of the 2013 Conference on Empirical Methods in Natural
Language Processing},
	pages = {935--945},
	title = {A Dataset for Research on Short-Text Conversations},
	year = {2013}
}

@inproceedings{wiki_pages,
	author = {Cristian Danescu{-}Niculescu{-}Mizil and
Moritz Sudhof and
Dan Jurafsky and
Jure Leskovec and
Christopher Potts},
	booktitle = {Proceedings of the 51st Annual Meeting of the Association for Computational
Linguistics},
	pages = {250--259},
	title = {A computational approach to politeness with application to social
factors},
	year = {2013}
}

@inproceedings{word2vec,
	author = {Tomas Mikolov and
Kai Chen and
Greg Corrado and
Jeffrey Dean},
	booktitle = {1st International Conference on Learning Representations},
	title = {Efficient Estimation of Word Representations in Vector Space},
	year = {2013}
}

