@article{DBLP:journals/coling/ZhaoLX16,
  author    = {Jun Zhao and
               Kang Liu and
               Liheng Xu},
  title     = {Sentiment Analysis: Mining Opinions, Sentiments, and Emotions},
  journal   = {Computational Linguistics},
  volume    = {42},
  number    = {3},
  pages     = {595--598},
  year      = {2016}

@inproceedings{DBLP:conf/emnlp/ZhouZZZG16,
  author    = {Deyu Zhou and
               Xuan Zhang and
               Yin Zhou and
               Quan Zhao and
               Xin Geng},
  title     = {Emotion Distribution Learning from Texts},
  booktitle = {Proceedings of the 2016 Conference on Empirical Methods in Natural
               Language Processing},
  pages     = {638--647},
  year      = {2016}
}

@article{DBLP:journals/corr/GolubH16,
  author    = {David Golub and
               Xiaodong He},
  title     = {Character-Level Question Answering with Attention},
  journal   = {CoRR},
  volume    = {abs/1604.00727},
  year      = {2016}
}

@article{DBLP:journals/jmlr/BengioDVJ03,
  author    = {Yoshua Bengio and
               R{\'{e}}jean Ducharme and
               Pascal Vincent and
               Christian Janvin},
  title     = {A Neural Probabilistic Language Model},
  journal   = {Journal of Machine Learning Research},
  volume    = {3},
  pages     = {1137--1155},
  year      = {2003}
}

@inproceedings{DBLP:conf/emnlp/RushCW15,
  author    = {Alexander M. Rush and
               Sumit Chopra and
               Jason Weston},
  title     = {A Neural Attention Model for Abstractive Sentence Summarization},
  booktitle = {Proceedings of the 2015 Conference on Empirical Methods in Natural
               Language Processing},
  pages     = {379--389},
  year      = {2015}
}

@inproceedings{DBLP:conf/naacl/LampleBSKD16,
  author    = {Guillaume Lample and
               Miguel Ballesteros and
               Sandeep Subramanian and
               Kazuya Kawakami and
               Chris Dyer},
  title     = {Neural Architectures for Named Entity Recognition},
  booktitle = {Proceedings of 2016 Conference of the North American Chapter
               of the Association for Computational Linguistics: Human Language Technologies},
  pages     = {260--270},
  year      = {2016}
}

@inproceedings{DBLP:conf/nips/MikolovSCCD13,
  author    = {Tomas Mikolov and
               Ilya Sutskever and
               Kai Chen and
               Gregory S. Corrado and
               Jeffrey Dean},
  title     = {Distributed Representations of Words and Phrases and their Compositionality},
  booktitle = {Proceedings of 2013 Annual Conference on Neural Information Processing Systems},
  pages     = {3111--3119},
  year      = {2013}
}

@article{DBLP:journals/candc/RazaA16,
  author    = {Khalid Raza and
               Mansaf Alam},
  title     = {Recurrent neural network based hybrid model for reconstructing gene
               regulatory network},
  journal   = {Computational Biology and Chemistry},
  volume    = {64},
  pages     = {322--334},
  year      = {2016}
}

@inproceedings{DBLP:conf/icml/JozefowiczZS15,
  author    = {Rafal J{\'{o}}zefowicz and
               Wojciech Zaremba and
               Ilya Sutskever},
  title     = {An Empirical Exploration of Recurrent Network Architectures},
  booktitle = {Proceedings of 32nd International Conference on Machine Learning},
  pages     = {2342--2350},
  year      = {2015}
}

@article{DBLP:journals/neco/HochreiterS97,
  author    = {Sepp Hochreiter and
               J{\"{u}}rgen Schmidhuber},
  title     = {Long Short-Term Memory},
  journal   = {Neural Computation},
  volume    = {9},
  number    = {8},
  pages     = {1735--1780},
  year      = {1997}
}

@inproceedings{DBLP:conf/ssst/ChoMBB14,
  author    = {Kyunghyun Cho and
               Bart van Merrienboer and
               Dzmitry Bahdanau and
               Yoshua Bengio},
  title     = {On the Properties of Neural Machine Translation: Encoder-Decoder Approaches},
  booktitle = {Proceedings of 8th Workshop on Syntax, Semantics and Structure in Statistical Translation},
  pages     = {103--111},
  year      = {2014}
}

@inproceedings{DBLP:conf/icml/PascanuMB13,
  author    = {Razvan Pascanu and
               Tomas Mikolov and
               Yoshua Bengio},
  title     = {On the difficulty of training recurrent neural networks},
  booktitle = {Proceedings of 30th International Conference on Machine Learning},
  pages     = {1310--1318},
  year      = {2013}
}

@article{DBLP:journals/corr/BahdanauCB14,
  author    = {Dzmitry Bahdanau and
               Kyunghyun Cho and
               Yoshua Bengio},
  title     = {Neural Machine Translation by Jointly Learning to Align and Translate},
  journal   = {CoRR},
  volume    = {abs/1409.0473},
  year      = {2014}
}

@inproceedings{DBLP:conf/nips/MnihHGK14,
  author    = {Volodymyr Mnih and
               Nicolas Heess and
               Alex Graves and
               Koray Kavukcuoglu},
  title     = {Recurrent Models of Visual Attention},
  booktitle = {Proceedings of 2014 Annual Conference on Neural Information Processing Systems},
  pages     = {2204--2212},
  year      = {2014}
}

@article{DBLP:journals/widm/SchullerMV15,
  author    = {Bj{\"{o}}rn W. Schuller and
               Amr El{-}Desoky Mousa and
               Vasileios Vryniotis},
  title     = {Sentiment analysis and opinion mining: on optimal parameters and performances},
  journal   = {Wiley Interdisciplinary Reviews: Data Mining and Knowledge Discovery},
  volume    = {5},
  number    = {5},
  pages     = {255--263},
  year      = {2015}
}

@article{damashek1995gauging,
  title={Gauging similarity with n-grams: Language-independent categorization of text},
  author={Damashek, Marc},
  journal={Science},
  volume={267},
  number={5199},
  pages={843--848},
  year={1995}
}

@inproceedings{DBLP:conf/emnlp/PangLV02,
  author    = {Bo Pang and
               Lillian Lee and
               Shivakumar Vaithyanathan},
  title     = {Thumbs up? Sentiment Classification using Machine Learning Techniques},
  booktitle = {Proceedings of 2002 Conference on Empirical Methods in Natural Language Processing},
  year      = {2002}
}

@inproceedings{DBLP:conf/wsdm/DingLY08,
  author    = {Xiaowen Ding and
               Bing Liu and
               Philip S. Yu},
  title     = {A holistic lexicon-based approach to opinion mining},
  booktitle = {Proceedings of 2008 International Conference on Web Search and Web Data Mining},
  pages     = {231--240},
  year      = {2008}
}

@article{DBLP:journals/candc/RazaA16,
  author    = {Khalid Raza and
               Mansaf Alam},
  title     = {Recurrent neural network based hybrid model for reconstructing gene
               regulatory network},
  journal   = {Computational Biology and Chemistry},
  volume    = {64},
  pages     = {322--334},
  year      = {2016}
}

@inproceedings{DBLP:conf/naacl/KudoM01,
  author    = {Taku Kudo and
               Yuji Matsumoto},
  title     = {Chunking with Support Vector Machines},
  booktitle = {Proceedings of 2nd Meeting of the North American Chapter of the Association for Computational Linguistics},
  year      = {2001}
}

@inproceedings{DBLP:conf/icml/LaffertyMP01,
  author    = {John D. Lafferty and
               Andrew McCallum and
               Fernando C. N. Pereira},
  title     = {Conditional Random Fields: Probabilistic Models for Segmenting and
               Labeling Sequence Data},
  booktitle = {Proceedings of 18th International Conference on Machine Learning},
  pages     = {282--289},
  year      = {2001}
}

@article{DBLP:journals/tnn/BengioSF94,
  author    = {Yoshua Bengio and
               Patrice Y. Simard and
               Paolo Frasconi},
  title     = {Learning long-term dependencies with gradient descent is difficult},
  journal   = {{IEEE} Transactions on Neural Networks},
  volume    = {5},
  number    = {2},
  pages     = {157--166},
  year      = {1994}
}

@article{DBLP:journals/corr/LuS17,
  author    = {Yuzhen Lu and
               Fathi M. Salem},
  title     = {Simplified Gating in Long Short-term Memory {(LSTM)} Recurrent Neural
               Networks},
  journal   = {CoRR},
  volume    = {abs/1701.03441},
  year      = {2017}
}

@inproceedings{DBLP:conf/acl/ZhouX15,
  author    = {Jie Zhou and
               Wei Xu},
  title     = {End-to-end learning of semantic role labeling using recurrent neural
               networks},
  booktitle = {Proceedings of the 53rd Annual Meeting of the Association for Computational
               Linguistics and the 7th International Joint Conference on Natural
               Language Processing of the Asian Federation of Natural Language Processing},
  pages     = {1127--1137},
  year      = {2015}
}

@inproceedings{he2017deep,
  title={Deep semantic role labeling: What works and what’s next},
  author={He, Luheng and Lee, Kenton and Lewis, Mike and Zettlemoyer, Luke},
  booktitle={Proceedings of 55th Annual Meeting of the Association for Computational Linguistics},
  volume={1},
  pages={473--483},
  year={2017}
}

@article{DBLP:journals/corr/ZhangXS17,
  author    = {Biao Zhang and
               Deyi Xiong and
               Jinsong Su},
  title     = {A {GRU}-Gated Attention Model for Neural Machine Translation},
  journal   = {CoRR},
  volume    = {abs/1704.08430},
  year      = {2017}
}

@inproceedings{DBLP:conf/nips/MnihHGK14,
  author    = {Volodymyr Mnih and
               Nicolas Heess and
               Alex Graves and
               Koray Kavukcuoglu},
  title     = {Recurrent Models of Visual Attention},
  booktitle = {Proceedings of 2014 Annual Conference on Neural Information Processing Systems},
  pages     = {2204--2212},
  year      = {2014}
}

@inproceedings{DBLP:conf/nips/HermannKGEKSB15,
  author    = {Karl Moritz Hermann and
               Tom{\'{a}}s Kocisk{\'{y}} and
               Edward Grefenstette and
               Lasse Espeholt and
               Will Kay and
               Mustafa Suleyman and
               Phil Blunsom},
  title     = {Teaching Machines to Read and Comprehend},
  booktitle = {Proceedings of 2015 Annual Conference on Neural Information Processing Systems},
  pages     = {1693--1701},
  year      = {2015}
}

@article{DBLP:journals/corr/ChungGCB14,
  author    = {Junyoung Chung and
               {\c{C}}aglar G{\"{u}}l{\c{c}}ehre and
               KyungHyun Cho and
               Yoshua Bengio},
  title     = {Empirical Evaluation of Gated Recurrent Neural Networks on Sequence
               Modeling},
  journal   = {CoRR},
  volume    = {abs/1412.3555},
  year      = {2014}
}

@inproceedings{DBLP:conf/nips/SutskeverVL14,
  author    = {Ilya Sutskever and
               Oriol Vinyals and
               Quoc V. Le},
  title     = {Sequence to Sequence Learning with Neural Networks},
  booktitle = {Proceedings of 2014 Annual Conference on Neural Information Processing Systems},
  pages     = {3104--3112},
  year      = {2014}
}

@inproceedings{DBLP:conf/icann/LiuRTGX17,
  author    = {Jingshuang Liu and
               Wenge Rong and
               Chuan Tian and
               Min Gao and
               Zhang Xiong},
  title     = {Attention Aware Semi-supervised Framework for Sentiment Analysis},
  booktitle = {Proceedings of 26th International Conference on Artificial Neural Networks},
  pages     = {208--215},
  year      = {2017}
}

@article{maaten2008visualizing,
  title={Visualizing data using t-SNE},
  author={Maaten, Laurens van der and Hinton, Geoffrey},
  journal={Journal of Machine Learning Research},
  volume={9},
  pages={2579--2605},
  year={2008}
}

@inproceedings{DBLP:conf/emnlp/WangHZZ16,
  author    = {Yequan Wang and
               Minlie Huang and
               Xiaoyan Zhu and
               Li Zhao},
  title     = {Attention-based {LSTM} for Aspect-level Sentiment Classification},
  booktitle = {Proceedings of 2016 Conference on Empirical Methods in Natural Language Processing},
  pages     = {606--615},
  year      = {2016}
}

@inproceedings{DBLP:conf/eacl/MousaS17,
  author    = {Amr El{-}Desoky Mousa and
               Bj{\"{o}}rn W. Schuller},
  title     = {Contextual Bidirectional Long Short-Term Memory Recurrent Neural Network
               Language Models: {A} Generative Approach to Sentiment Analysis},
  booktitle = {Proceedings of 15th Conference of the European Chapter of the Association for Computational Linguistics},
  pages     = {1023--1032},
  year      = {2017}
}

@article{DBLP:journals/access/QiuLZ18,
  author    = {Lirong Qiu and
               Qiao Lei and
               Zhen Zhang},
  title     = {Advanced Sentiment Classification of Tibetan Microblogs on Smart Campuses
               Based on Multi-Feature Fusion},
  journal   = {{IEEE} Access},
  volume    = {6},
  pages     = {17896--17904},
  year      = {2018}
}

@inproceedings{DBLP:conf/ijcai/WangP15,
  author    = {Yichen Wang and
               Aditya Pal},
  title     = {Detecting Emotions in Social Media: {A} Constrained Optimization Approach},
  booktitle = {Proceedings of 24th International Joint Conference on Artificial Intelligence},
  pages     = {996--1002},
  year      = {2015}
}

@article{DBLP:journals/tkde/ZhangZ14,
  author    = {Min{-}Ling Zhang and
               Zhi{-}Hua Zhou},
  title     = {A Review on Multi-Label Learning Algorithms},
  journal   = {{IEEE} Transactions on Knowledge and Data Engineering},
  volume    = {26},
  number    = {8},
  pages     = {1819--1837},
  year      = {2014}
}

@book{goodfellow2016deep,
  title={Deep learning},
  author={Goodfellow, Ian and Bengio, Yoshua and Courville, Aaron and Bengio, Yoshua},
  year={2016},
  publisher={MIT press Cambridge}
}

@article{srivastava2014dropout,
  title={Dropout: A simple way to prevent neural networks from overfitting},
  author={Srivastava, Nitish and Hinton, Geoffrey and Krizhevsky, Alex and Sutskever, Ilya and Salakhutdinov, Ruslan},
  journal={Journal of Machine Learning Research},
  volume={15},
  number={1},
  pages={1929--1958},
  year={2014},
  publisher={JMLR. org}
}

@article{DBLP:journals/pr/KimL14a,
  author    = {Kyoungok Kim and
               Jaewook Lee},
  title     = {Sentiment visualization and classification via semi-supervised nonlinear
               dimensionality reduction},
  journal   = {Pattern Recognition},
  volume    = {47},
  number    = {2},
  pages     = {758--768},
  year      = {2014}
}

@inproceedings{DBLP:conf/ijcnn/LanZLW16,
  author    = {Man Lan and
               Zhihua Zhang and
               Yue Lu and
               Ju Wu},
  title     = {Three Convolutional Neural Network-based models for learning Sentiment
               Word Vectors towards sentiment analysis},
  booktitle = {Proceedings of 2016 International Joint Conference on Neural Networks},
  pages     = {3172--3179},
  year      = {2016}
}

@article{DBLP:journals/coling/WilsonWH09,
  author    = {Theresa Wilson and
               Janyce Wiebe and
               Paul Hoffmann},
  title     = {Recognizing Contextual Polarity: An Exploration of Features for Phrase-Level
               Sentiment Analysis},
  journal   = {Computational Linguistics},
  volume    = {35},
  number    = {3},
  pages     = {399--433},
  year      = {2009}
}

@inproceedings{DBLP:conf/dasc/RongPOLX13,
  author    = {Wenge Rong and
               Baolin Peng and
               Yuanxin Ouyang and
               Chao Li and
               Zhang Xiong},
  title     = {Semi-supervised Dual Recurrent Neural Network for Sentiment Analysis},
  booktitle = {Proceedings of 11th {IEEE} International Conference on Dependable, Autonomic and
               Secure Computing},
  pages     = {438--445},
  year      = {2013}
}

@article{DBLP:journals/fcsc/RongPOLX15,
  author    = {Wenge Rong and
               Baolin Peng and
               Yuanxin Ouyang and
               Chao Li and
               Zhang Xiong},
  title     = {Structural information aware deep semi-supervised recurrent neural
               network for sentiment analysis},
  journal   = {Frontiers of Computer Science},
  volume    = {9},
  number    = {2},
  pages     = {171--184},
  year      = {2015}
}

@article{stone1967the,
title={The general inquirer : a computer approach to content analysis},
author={Stone, Philip J and Dunphy, Dexter C and Smith, Marshall S and Ogilvie, Daniel M},
journal={American Educational Research Journal},
volume={4},
number={4},
pages={397},
year={1967}}

@article{DBLP:journals/tkde/TanLSGYBCH14,
  author    = {Shulong Tan and
               Yang Li and
               Huan Sun and
               Ziyu Guan and
               Xifeng Yan and
               Jiajun Bu and
               Chun Chen and
               Xiaofei He},
  title     = {Interpreting the Public Sentiment Variations on Twitter},
  journal   = {{IEEE} Transactions on Knowledge and Data Engineering},
  volume    = {26},
  number    = {5},
  pages     = {1158--1170},
  year      = {2014}
}

@article{DBLP:journals/csur/YadollahiSZ17,
  author    = {Ali Yadollahi and
               Ameneh Gholipour Shahraki and
               Osmar R. Za{\"{\i}}ane},
  title     = {Current State of Text Sentiment Analysis from Opinion to Emotion Mining},
  journal   = {{ACM} Computing Surveys},
  volume    = {50},
  number    = {2},
  pages     = {25:1--25:33},
  year      = {2017}
}

@inproceedings{DBLP:conf/lrec/KiritchenkoM16,
  author    = {Svetlana Kiritchenko and
               Saif Mohammad},
  title     = {Happy Accident: {A} Sentiment Composition Lexicon for Opposing Polarity
               Phrases},
  booktitle = {Proceedings of the 10th International Conference on Language Resources
               and Evaluation},
  year      = {2016}
}

@article{DBLP:journals/tkde/ZhuangWXWYLZ17,
  author    = {Yueting Zhuang and
               Hanqi Wang and
               Jun Xiao and
               Fei Wu and
               Yi Yang and
               Weiming Lu and
               Zhongfei Zhang},
  title     = {Bag-of-Discriminative-Words (BoDW) Representation via Topic Modeling},
  journal   = {{IEEE} Transactions on Knowledge and Data Engineering},
  volume    = {29},
  number    = {5},
  pages     = {977--990},
  year      = {2017}
}

@article{DBLP:journals/jasis/DiazTM16,
  author    = {Noa P. Cruz D{\'{\i}}az and
               Maite Taboada and
               Ruslan Mitkov},
  title     = {A machine-learning approach to negation and speculation detection
               for sentiment analysis},
  journal   = {Journal of the Association for Information Science and Technology},
  volume    = {67},
  number    = {9},
  pages     = {2118--2136},
  year      = {2016}
}

@article{DBLP:journals/coling/TaboadaBTVS11,
  author    = {Maite Taboada and
               Julian Brooke and
               Milan Tofiloski and
               Kimberly D. Voll and
               Manfred Stede},
  title     = {Lexicon-Based Methods for Sentiment Analysis},
  journal   = {Computational Linguistics},
  volume    = {37},
  number    = {2},
  pages     = {267--307},
  year      = {2011}
}

@inproceedings{DBLP:conf/acii/NeviarouskayaPI09,
  author    = {Alena Neviarouskaya and
               Helmut Prendinger and
               Mitsuru Ishizuka},
  title     = {SentiFul: Generating a reliable lexicon for sentiment analysis},
  booktitle = {Proceedings of 3rd International Conference on Affective Computing and Intelligent Interaction},
  pages     = {1--6},
  year      = {2009}
}

@inproceedings{DBLP:conf/emnlp/ChoiC08,
  author    = {Yejin Choi and
               Claire Cardie},
  title     = {Learning with Compositional Semantics as Structural Inference for
               Subsentential Sentiment Analysis},
  booktitle = {Proceedings of 2008 Conference on Empirical Methods in Natural Language Processing},
  pages     = {793--801},
  year      = {2008}
}

@article{DBLP:journals/taffco/CalvoD10,
  author    = {Rafael A. Calvo and
               Sidney K. D'Mello},
  title     = {Affect Detection: An Interdisciplinary Review of Models, Methods,
               and Their Applications},
  journal   = {{IEEE} Transactions on Affective Computing},
  volume    = {1},
  number    = {1},
  pages     = {18--37},
  year      = {2010}
}

@article{DBLP:journals/jasis/ThelwallBPCK10,
  author    = {Mike Thelwall and
               Kevan Buckley and
               Georgios Paltoglou and
               Di Cai and
               Arvid Kappas},
  title     = {Sentiment in short strength detection informal text},
  journal   = {{JASIST}},
  volume    = {61},
  number    = {12},
  pages     = {2544--2558},
  year      = {2010}
}

@article{DBLP:journals/tkde/Geng16,
  author    = {Xin Geng},
  title     = {Label Distribution Learning},
  journal   = {{IEEE} Transactions on Knowledge and Data Engineering},
  volume    = {28},
  number    = {7},
  pages     = {1734--1748},
  year      = {2016}
}

@inproceedings{DBLP:conf/cikm/LinH09,
  author    = {Chenghua Lin and
               Yulan He},
  title     = {Joint sentiment/topic model for sentiment analysis},
  booktitle = {Proceedings of the 18th {ACM} Conference on Information and Knowledge
               Management},
  pages     = {375--384},
  year      = {2009}
}

@article{DBLP:journals/tois/QuanWZSL15,
  author    = {Xiaojun Quan and
               Qifan Wang and
               Ying Zhang and
               Luo Si and
               Wenyin Liu},
  title     = {Latent Discriminative Models for Social Emotion Detection with Emotional
               Dependency},
  journal   = {{ACM} Transactions on Information Systems},
  volume    = {34},
  number    = {1},
  pages     = {2:1--2:19},
  year      = {2015}
}

@inproceedings{DBLP:conf/aaai/YoshidaHINM11,
  author    = {Yasuhisa Yoshida and
               Tsutomu Hirao and
               Tomoharu Iwata and
               Masaaki Nagata and
               Yuji Matsumoto},
  title     = {Transfer Learning for Multiple-Domain Sentiment Analysis - Identifying
               Domain Dependent/Independent Word Polarity},
  booktitle = {Proceedings of the 25th {AAAI} Conference on Artificial Intelligence},
  year      = {2011}
}

@inproceedings{DBLP:conf/www/LuCDZ11,
  author    = {Yue Lu and
               Mal{\'{u}} Castellanos and
               Umeshwar Dayal and
               ChengXiang Zhai},
  title     = {Automatic construction of a context-aware sentiment lexicon: an optimization
               approach},
  booktitle = {Proceedings of the 20th International Conference on World Wide Web},
  pages     = {347--356},
  year      = {2011}
}

@article{khan2015combining,
  title={Combining lexicon-based and learning-based methods for Twitter sentiment analysis},
  author={Khan, Aamera ZH and Atique, Mohammad and Thakare, VM},
  journal={International Journal of Electronics, Communication and Soft Computing Science \& Engineering},
  pages={89},
  year={2015}
}

@article{DBLP:journals/jamia/NikfarjamSOGG15,
  author    = {Azadeh Nikfarjam and
               Abeed Sarker and
               Karen O'Connor and
               Rachel E. Ginn and
               Graciela Gonzalez},
  title     = {Pharmacovigilance from social media: mining adverse drug reaction
               mentions using sequence labeling with word embedding cluster features},
  journal   = {Journal of the American Medical Informatics Association},
  volume    = {22},
  number    = {3},
  pages     = {671--681},
  year      = {2015}
}

@inproceedings{DBLP:conf/semeval/HouTWZXC15,
  author    = {Yongshuai Hou and
               Cong Tan and
               Xiaolong Wang and
               Yaoyun Zhang and
               Jun Xu and
               Qingcai Chen},
  title     = {{HITSZ-ICRC:} Exploiting Classification Approach for Answer Selection
               in Community Question Answering},
  booktitle = {Proceedings of the 9th International Workshop on Semantic Evaluation},
  pages     = {196--202},
  year      = {2015}
}

@article{DBLP:journals/access/HaberBQH17,
  author    = {Rodolfo E. Haber and
               Gerardo Beruvides and
               Ram{\'{o}}n Quiza Sardi{\~{n}}as and
               Alejandro Hernandez},
  title     = {A Simple Multi-Objective Optimization Based on the Cross-Entropy Method},
  journal   = {{IEEE} Access},
  volume    = {5},
  pages     = {22272--22281},
  year      = {2017}
}

@article{russell2003core,
  title={Core affect and the psychological construction of emotion.},
  author={Russell, James A},
  journal={Psychological Review},
  volume={110},
  number={1},
  pages={145},
  year={2003}
}

@article{DBLP:journals/ci/GuptaGF13,
  author    = {Narendra K. Gupta and
               Mazin Gilbert and
               Giuseppe Di Fabbrizio},
  title     = {Emotion Detection in Email Customer Care},
  journal   = {Computational Intelligence},
  volume    = {29},
  number    = {3},
  pages     = {489--505},
  year      = {2013}
}

@article{ekman1992argument,
  title={An argument for basic emotions},
  author={Ekman, Paul},
  journal={Cognition \& Emotion},
  volume={6},
  number={3-4},
  pages={169--200},
  year={1992}
}

@article{DBLP:journals/ibmrd/Samuel00,
  author    = {Arthur L. Samuel},
  title     = {Some studies in machine learning using the game of checkers},
  journal   = {{IBM} Journal of Research and Development},
  volume    = {44},
  number    = {1},
  pages     = {206--227},
  year      = {2000}
}

@article{DBLP:journals/ftml/MuandetFSS17,
  author    = {Krikamol Muandet and
               Kenji Fukumizu and
               Bharath K. Sriperumbudur and
               Bernhard Sch{\"{o}}lkopf},
  title     = {Kernel Mean Embedding of Distributions: {A} Review and Beyond},
  journal   = {Foundations and Trends in Machine Learning},
  volume    = {10},
  number    = {1-2},
  pages     = {1--141},
  year      = {2017}
}

@article{DBLP:journals/pami/GravesLFBBS09,
  author    = {Alex Graves and
               Marcus Liwicki and
               S. Fernandez and
               Roman Bertolami and
               Horst Bunke and
               J{\"{u}}rgen Schmidhuber},
  title     = {A Novel Connectionist System for Unconstrained Handwriting Recognition},
  journal   = {{IEEE} Transactions on Pattern Analysis and Machine Intelligence},
  volume    = {31},
  number    = {5},
  pages     = {855--868},
  year      = {2009}
}

@inproceedings{DBLP:conf/interspeech/MikolovKBCK10,
  author    = {Tomas Mikolov and
               Martin Karafi{\'{a}}t and
               Luk{\'{a}}s Burget and
               Jan Cernock{\'{y}} and
               Sanjeev Khudanpur},
  editor    = {Takao Kobayashi and
               Keikichi Hirose and
               Satoshi Nakamura},
  title     = {Recurrent neural network based language model},
  booktitle = {Proceedings of 11th Annual Conference of the International Speech Communication Association},
  pages     = {1045--1048},
  publisher = {{ISCA}},
  year      = {2010}
}

@inproceedings{DBLP:conf/nips/RanzatoPCL06,
  author    = {Marc'Aurelio Ranzato and
               Christopher S. Poultney and
               Sumit Chopra and
               Yann LeCun},
  title     = {Efficient Learning of Sparse Representations with an Energy-Based
               Model},
  booktitle = {Proceedings of the 20th Annual Conference on Neural Information Processing
               Systems},
  pages     = {1137--1144},
  year      = {2006}
}

@inproceedings{DBLP:conf/icml/LeM14,
  author    = {Quoc V. Le and
               Tomas Mikolov},
  title     = {Distributed Representations of Sentences and Documents},
  booktitle = {Proceedings of the 31th International Conference on Machine Learning},
  pages     = {1188--1196},
  year      = {2014}
}

@article{DBLP:journals/corr/KingmaB14,
  author    = {Diederik P. Kingma and
               Jimmy Ba},
  title     = {Adam: {A} Method for Stochastic Optimization},
  journal   = {CoRR},
  volume    = {abs/1412.6980},
  year      = {2014}
}

@inproceedings{DBLP:conf/icml/PascanuMB13,
  author    = {Razvan Pascanu and
               Tomas Mikolov and
               Yoshua Bengio},
  title     = {On the difficulty of training recurrent neural networks},
  booktitle = {Proceedings of 30th International Conference on Machine Learning},
  pages     = {1310--1318},
  year      = {2013}
}

@inproceedings{DBLP:conf/sigir/ChenHHHA17,
  author    = {Qin Chen and
               Qinmin Hu and
               Jimmy Xiangji Huang and
               Liang He and
               Weijie An},
  title     = {Enhancing Recurrent Neural Networks with Positional Attention for
               Question Answering},
  booktitle = {Proceedings of the 40th International {ACM} {SIGIR} Conference on
               Research and Development in Information Retrieval},
  pages     = {993--996},
  year      = {2017}
}

@inproceedings{DBLP:conf/kdd/LiMGK17,
  author    = {Huayu Li and
               Martin Renqiang Min and
               Yong Ge and
               Asim Kadav},
  title     = {A Context-aware Attention Network for Interactive Question Answering},
  booktitle = {Proceedings of the 23rd {ACM} {SIGKDD} International Conference on
               Knowledge Discovery and Data Mining},
  pages     = {927--935},
  year      = {2017}
}

@inproceedings{DBLP:conf/sigir/RenCRWMR17,
  author    = {Pengjie Ren and
               Zhumin Chen and
               Zhaochun Ren and
               Furu Wei and
               Jun Ma and
               Maarten de Rijke},
  title     = {Leveraging Contextual Sentence Relations for Extractive Summarization
               Using a Neural Attention Model},
  booktitle = {Proceedings of the 40th International {ACM} {SIGIR} Conference on
               Research and Development in Information Retrieval},
  pages     = {95--104},
  year      = {2017}
}

@inproceedings{DBLP:conf/kdd/TongKIYKSV17,
  author    = {Bin Tong and
               Martin Klinkigt and
               Makoto Iwayama and
               Toshihiko Yanase and
               Yoshiyuki Kobayashi and
               Anshuman Sahu and
               Ravigopal Vennelakanti},
  title     = {Learning to Generate Rock Descriptions from Multivariate Well Logs
               with Hierarchical Attention},
  booktitle = {Proceedings of the 23rd {ACM} {SIGKDD} International Conference on
               Knowledge Discovery and Data Mining},
  pages     = {2031--2040},
  year      = {2017}
}
