@inproceedings{DBLP:conf/emnlp/ZhangSD17,
  author    = {Justine Zhang and
               Arthur Spirling and
               Cristian Danescu{-}Niculescu{-}Mizil},
  title     = {Asking too much? The rhetorical role of questions in political discourse},
  booktitle = {Proceedings of the 2017 Conference on Empirical Methods in Natural
               Language Processing, {EMNLP} 2017, Copenhagen, Denmark, September
               9-11, 2017},
  pages     = {1558--1572},
  year      = {2017},
  crossref  = {DBLP:conf/emnlp/2017},
  url       = {https://aclanthology.info/papers/D17-1164/d17-1164},
  timestamp = {Tue, 30 Jan 2018 13:42:04 +0100},
  biburl    = {https://dblp.org/rec/bib/conf/emnlp/ZhangSD17},
  bibsource = {dblp computer science bibliography, https://dblp.org}
}

@proceedings{DBLP:conf/emnlp/2017,
  editor    = {Martha Palmer and
               Rebecca Hwa and
               Sebastian Riedel},
  title     = {Proceedings of the 2017 Conference on Empirical Methods in Natural
               Language Processing, {EMNLP} 2017, Copenhagen, Denmark, September
               9-11, 2017},
  publisher = {Association for Computational Linguistics},
  year      = {2017},
  url       = {https://aclanthology.info/volumes/proceedings-of-the-2017-conference-on-empirical-methods-in-natural-language-processing},
  isbn      = {978-1-945626-83-8},
  timestamp = {Tue, 30 Jan 2018 13:42:04 +0100},
  biburl    = {https://dblp.org/rec/bib/conf/emnlp/2017},
  bibsource = {dblp computer science bibliography, https://dblp.org}
}

