@inproceedings{DBLP:conf/www/Danescu-Niculescu-MizilLPK12,
  author    = {Cristian Danescu{-}Niculescu{-}Mizil and
               Lillian Lee and
               Bo Pang and
               Jon M. Kleinberg},
  title     = {Echoes of power: language effects and power differences in social
               interaction},
  booktitle = {Proceedings of the 21st World Wide Web Conference 2012, {WWW} 2012,
               Lyon, France, April 16-20, 2012},
  pages     = {699--708},
  year      = {2012},
  crossref  = {DBLP:conf/www/2012},
  url       = {https://doi.org/10.1145/2187836.2187931},
  doi       = {10.1145/2187836.2187931},
  timestamp = {Tue, 06 Nov 2018 16:57:07 +0100},
  biburl    = {https://dblp.org/rec/bib/conf/www/Danescu-Niculescu-MizilLPK12},
  bibsource = {dblp computer science bibliography, https://dblp.org}
}

@proceedings{DBLP:conf/www/2012,
  editor    = {Alain Mille and
               Fabien L. Gandon and
               Jacques Misselis and
               Michael Rabinovich and
               Steffen Staab},
  title     = {Proceedings of the 21st World Wide Web Conference 2012, {WWW} 2012,
               Lyon, France, April 16-20, 2012},
  publisher = {{ACM}},
  year      = {2012},
  url       = {http://dl.acm.org/citation.cfm?id=2187836},
  isbn      = {978-1-4503-1229-5},
  timestamp = {Thu, 19 Apr 2012 14:34:44 +0200},
  biburl    = {https://dblp.org/rec/bib/conf/www/2012},
  bibsource = {dblp computer science bibliography, https://dblp.org}
}

