@article{DBLP:journals/corr/FuDL16,
  author    = {Liye Fu and
               Cristian Danescu{-}Niculescu{-}Mizil and
               Lillian Lee},
  title     = {Tie-breaker: Using language models to quantify gender bias in sports
               journalism},
  journal   = {CoRR},
  volume    = {abs/1607.03895},
  year      = {2016},
  url       = {http://arxiv.org/abs/1607.03895},
  archivePrefix = {arXiv},
  eprint    = {1607.03895},
  timestamp = {Mon, 13 Aug 2018 16:48:56 +0200},
  biburl    = {https://dblp.org/rec/bib/journals/corr/FuDL16},
  bibsource = {dblp computer science bibliography, https://dblp.org}
}

