@inproceedings{DBLP:conf/acl/Danescu-Niculescu-MizilSJLP13,
  author    = {Cristian Danescu{-}Niculescu{-}Mizil and
               Moritz Sudhof and
               Dan Jurafsky and
               Jure Leskovec and
               Christopher Potts},
  title     = {A computational approach to politeness with application to social
               factors},
  booktitle = {Proceedings of the 51st Annual Meeting of the Association for Computational
               Linguistics, {ACL} 2013, 4-9 August 2013, Sofia, Bulgaria, Volume
               1: Long Papers},
  pages     = {250--259},
  year      = {2013},
  crossref  = {DBLP:conf/acl/2013-1},
  url       = {http://aclweb.org/anthology/P/P13/P13-1025.pdf},
  timestamp = {Tue, 26 Nov 2013 16:42:48 +0100},
  biburl    = {https://dblp.org/rec/bib/conf/acl/Danescu-Niculescu-MizilSJLP13},
  bibsource = {dblp computer science bibliography, https://dblp.org}
}

@proceedings{DBLP:conf/acl/2013-1,
  title     = {Proceedings of the 51st Annual Meeting of the Association for Computational
               Linguistics, {ACL} 2013, 4-9 August 2013, Sofia, Bulgaria, Volume
               1: Long Papers},
  publisher = {The Association for Computer Linguistics},
  year      = {2013},
  url       = {http://aclweb.org/anthology/P/P13/},
  isbn      = {978-1-937284-50-3},
  timestamp = {Tue, 26 Nov 2013 16:42:48 +0100},
  biburl    = {https://dblp.org/rec/bib/conf/acl/2013-1},
  bibsource = {dblp computer science bibliography, https://dblp.org}
}

