# Bootstrapping Dialog Systems with Word Embeddings. G. Forgues, J. Pineau, J. Larcheveque, R. Tremblay. 2014. Workshop on Modern Machine Learning and Natural Language Processing, NIPS 2014.

@inproceedings{Forgues2014,
    author = {Forgues and J. Pineau and J. Larcheveque and R. Tremblay},
    title = {Bootstrapping Dialog Systems with Word Embeddings},
    booktitle = {Workshop on Modern Machine Learning and Natural Language Processing, NIPS 2014},
    year = {2014},
}
