@ARTICLE{2018arXiv181000472X,
   author = {{Xing}, Y. and {Fern{\'a}ndez}, R.},
    title = "{Automatic Evaluation of Neural Personality-based Chatbots}",
  journal = {ArXiv e-prints},
archivePrefix = "arXiv",
 keywords = {Computer Science - Computation and Language},
     year = 2018,
    month = sep,
}


