@inproceedings{DBLP:conf/acl/PapineniRWZ02,
  author    = {Kishore Papineni and
               Salim Roukos and
               Todd Ward and
               Wei{-}Jing Zhu},
  title     = {Bleu: a Method for Automatic Evaluation of Machine Translation},
  booktitle = {Proceedings of the 40th Annual Meeting of the Association for Computational
               Linguistics, July 6-12, 2002, Philadelphia, PA, {USA.}},
  pages     = {311--318},
  year      = {2002},
  crossref  = {DBLP:conf/acl/2002},
  url       = {http://www.aclweb.org/anthology/P02-1040.pdf},
  timestamp = {Thu, 17 Aug 2017 17:55:42 +0200},
  biburl    = {https://dblp.org/rec/bib/conf/acl/PapineniRWZ02},
  bibsource = {dblp computer science bibliography, https://dblp.org}
}

@proceedings{DBLP:conf/acl/2002,
  title     = {Proceedings of the 40th Annual Meeting of the Association for Computational
               Linguistics, July 6-12, 2002, Philadelphia, PA, {USA}},
  publisher = {{ACL}},
  year      = {2002},
  url       = {http://aclweb.org/anthology/P/P02/},
  timestamp = {Thu, 17 Aug 2017 17:55:42 +0200},
  biburl    = {https://dblp.org/rec/bib/conf/acl/2002},
  bibsource = {dblp computer science bibliography, https://dblp.org}
}

