@inproceedings{DBLP:conf/eacl/Callison-BurchOK06,
  author    = {Chris Callison{-}Burch and
               Miles Osborne and
               Philipp Koehn},
  title     = {Re-evaluation the Role of Bleu in Machine Translation Research},
  booktitle = {{EACL}},
  publisher = {The Association for Computer Linguistics},
  year      = {2006}
}

