@article{article,
author = {Coughlin, Deborah},
year = {2001},
month = {01},
pages = {},
title = {Correlating automated and human assessments of machine translation quality},
journal = {Proceedings of MT Summit IX}
}