@inproceedings{DBLP:conf/bea/RusL12,
  author    = {Vasile Rus and
               Mihai C. Lintean},
  title     = {A Comparison of Greedy and Optimal Assessment of Natural Language
               Student Input Using Word-to-Word Similarity Metrics},
  booktitle = {Proceedings of the Seventh Workshop on Building Educational Applications
               Using NLP, BEA@NAACL-HLT 2012, June 7, 2012, Montr{\'{e}}al, Canada},
  pages     = {157--162},
  year      = {2012},
  crossref  = {DBLP:conf/bea/2012},
  url       = {http://aclweb.org/anthology/W/W12/W12-2018.pdf},
  timestamp = {Wed, 05 Apr 2017 12:53:50 +0200},
  biburl    = {https://dblp.org/rec/bib/conf/bea/RusL12},
  bibsource = {dblp computer science bibliography, https://dblp.org}
}

@proceedings{DBLP:conf/bea/2012,
  editor    = {Joel R. Tetreault and
               Jill Burstein and
               Claudia Leacock},
  title     = {Proceedings of the Seventh Workshop on Building Educational Applications
               Using NLP, BEA@NAACL-HLT 2012, June 7, 2012, Montr{\'{e}}al, Canada},
  publisher = {The Association for Computer Linguistics},
  year      = {2012},
  url       = {http://aclweb.org/anthology/W/W12/},
  timestamp = {Wed, 05 Apr 2017 12:53:50 +0200},
  biburl    = {https://dblp.org/rec/bib/conf/bea/2012},
  bibsource = {dblp computer science bibliography, https://dblp.org}
}

