@inproceedings{DBLP:conf/emnlp/LiuLSNCP16,
  author    = {Chia{-}Wei Liu and
               Ryan Lowe and
               Iulian Serban and
               Michael Noseworthy and
               Laurent Charlin and
               Joelle Pineau},
  title     = {How {NOT} To Evaluate Your Dialogue System: An Empirical Study of
               Unsupervised Evaluation Metrics for Dialogue Response Generation},
  booktitle = {Proceedings of the 2016 Conference on Empirical Methods in Natural
               Language Processing, {EMNLP} 2016, Austin, Texas, USA, November 1-4,
               2016},
  pages     = {2122--2132},
  year      = {2016},
  crossref  = {DBLP:conf/emnlp/2016},
  url       = {http://aclweb.org/anthology/D/D16/D16-1230.pdf},
  timestamp = {Fri, 04 Nov 2016 14:45:31 +0100},
  biburl    = {https://dblp.org/rec/bib/conf/emnlp/LiuLSNCP16},
  bibsource = {dblp computer science bibliography, https://dblp.org}
}

@proceedings{DBLP:conf/emnlp/2016,
  editor    = {Jian Su and
               Xavier Carreras and
               Kevin Duh},
  title     = {Proceedings of the 2016 Conference on Empirical Methods in Natural
               Language Processing, {EMNLP} 2016, Austin, Texas, USA, November 1-4,
               2016},
  publisher = {The Association for Computational Linguistics},
  year      = {2016},
  url       = {http://aclweb.org/anthology/D/D16/},
  isbn      = {978-1-945626-25-8},
  timestamp = {Fri, 04 Nov 2016 14:01:59 +0100},
  biburl    = {https://dblp.org/rec/bib/conf/emnlp/2016},
  bibsource = {dblp computer science bibliography, https://dblp.org}
}

