@inproceedings{DBLP:conf/acl/BanerjeeL05,
  author    = {Satanjeev Banerjee and
               Alon Lavie},
  title     = {{METEOR:} An Automatic Metric for {MT} Evaluation with Improved Correlation
               with Human Judgments},
  booktitle = {Proceedings of the Workshop on Intrinsic and Extrinsic Evaluation
               Measures for Machine Translation and/or Summarization@ACL 2005, Ann
               Arbor, Michigan, USA, June 29, 2005},
  pages     = {65--72},
  year      = {2005},
  crossref  = {DBLP:conf/acl/2005ee},
  url       = {https://aclanthology.info/papers/W05-0909/w05-0909},
  timestamp = {Thu, 21 Jun 2018 07:11:11 +0200},
  biburl    = {https://dblp.org/rec/bib/conf/acl/BanerjeeL05},
  bibsource = {dblp computer science bibliography, https://dblp.org}
}

@proceedings{DBLP:conf/acl/2005ee,
  editor    = {Jade Goldstein and
               Alon Lavie and
               Chin{-}Yew Lin and
               Clare R. Voss},
  title     = {Proceedings of the Workshop on Intrinsic and Extrinsic Evaluation
               Measures for Machine Translation and/or Summarization@ACL 2005, Ann
               Arbor, Michigan, USA, June 29, 2005},
  publisher = {Association for Computational Linguistics},
  year      = {2005},
  url       = {https://aclanthology.info/volumes/proceedings-of-the-acl-workshop-on-intrinsic-and-extrinsic-evaluation-measures-for-machine-translation-and-or-summarization},
  timestamp = {Thu, 21 Jun 2018 07:11:11 +0200},
  biburl    = {https://dblp.org/rec/bib/conf/acl/2005ee},
  bibsource = {dblp computer science bibliography, https://dblp.org}
}

