@inproceedings{DBLP:conf/sigdial/LoweSNCP16,
  author    = {Ryan Lowe and
               Iulian Vlad Serban and
               Michael Noseworthy and
               Laurent Charlin and
               Joelle Pineau},
  title     = {On the Evaluation of Dialogue Systems with Next Utterance Classification},
  booktitle = {Proceedings of the {SIGDIAL} 2016 Conference, The 17th Annual Meeting
               of the Special Interest Group on Discourse and Dialogue, 13-15 September
               2016, Los Angeles, CA, {USA}},
  pages     = {264--269},
  year      = {2016},
  crossref  = {DBLP:conf/sigdial/2016},
  url       = {http://aclweb.org/anthology/W/W16/W16-3634.pdf},
  timestamp = {Fri, 04 Nov 2016 11:35:06 +0100},
  biburl    = {https://dblp.org/rec/bib/conf/sigdial/LoweSNCP16},
  bibsource = {dblp computer science bibliography, https://dblp.org}
}

@proceedings{DBLP:conf/sigdial/2016,
  title     = {Proceedings of the {SIGDIAL} 2016 Conference, The 17th Annual Meeting
               of the Special Interest Group on Discourse and Dialogue, 13-15 September
               2016, Los Angeles, CA, {USA}},
  publisher = {The Association for Computer Linguistics},
  year      = {2016},
  isbn      = {978-1-945626-23-4},
  timestamp = {Fri, 04 Nov 2016 11:22:24 +0100},
  biburl    = {https://dblp.org/rec/bib/conf/sigdial/2016},
  bibsource = {dblp computer science bibliography, https://dblp.org}
}

