@article{DBLP:journals/ker/PietquinH13,
  author    = {Olivier Pietquin and
               Helen F. Hastie},
  title     = {A survey on metrics for the evaluation of user simulations},
  journal   = {Knowledge Eng. Review},
  volume    = {28},
  number    = {1},
  pages     = {59--73},
  year      = {2013},
  url       = {https://doi.org/10.1017/S0269888912000343},
  doi       = {10.1017/S0269888912000343},
  timestamp = {Tue, 06 Jun 2017 22:25:22 +0200},
  biburl    = {https://dblp.org/rec/bib/journals/ker/PietquinH13},
  bibsource = {dblp computer science bibliography, https://dblp.org}
}

