@inproceedings{Snover2005ASO,
    title = {A STUDY OF TRANSLATION ERROR RATE WITH TARGETED HUMAN ANNOTATION},
    author = {Matthew Snover and Bonnie J. Dorr and Richard M. Schwartz and John Makhoul and Linnea Micciulla and Ralph M. Weischedel},
    year = {2005}
}