@article{DBLP:journals/corr/abs-1106-3077,
  author    = {Cristian Danescu{-}Niculescu{-}Mizil and
               Lillian Lee},
  title     = {Chameleons in imagined conversations: {A} new approach to understanding
               coordination of linguistic style in dialogs},
  journal   = {CoRR},
  volume    = {abs/1106.3077},
  year      = {2011},
  url       = {http://arxiv.org/abs/1106.3077},
  archivePrefix = {arXiv},
  eprint    = {1106.3077},
  timestamp = {Mon, 13 Aug 2018 16:47:47 +0200},
  biburl    = {https://dblp.org/rec/bib/journals/corr/abs-1106-3077},
  bibsource = {dblp computer science bibliography, https://dblp.org}
}

