@inproceedings{DBLP:conf/acl/Danescu-Niculescu-Mizil18,
  author    = {Justine Zhang and
               Jonathan P. Chang and
               Cristian Danescu{-}Niculescu{-}Mizil and
               Lucas Dixon and
               Yiqing Hua and
               Dario Taraborelli and
               Nithum Thain},
  title     = {Conversations Gone Awry: Detecting Early Signs of Conversational Failure},
  booktitle = {Proceedings of the 56th Annual Meeting of the Association for Computational
               Linguistics, {ACL} 2018, Melbourne, Australia, July 15-20, 2018, Volume
               1: Long Papers},
  pages     = {1350--1361},
  year      = {2018},
  crossref  = {DBLP:conf/acl/2018-1},
  url       = {https://aclanthology.info/papers/P18-1125/p18-1125},
  timestamp = {Wed, 12 Dec 2018 16:44:59 +0100},
  biburl    = {https://dblp.org/rec/bib/conf/acl/Danescu-Niculescu-Mizil18},
  bibsource = {dblp computer science bibliography, https://dblp.org}
}

@proceedings{DBLP:conf/acl/2018-1,
  editor    = {Iryna Gurevych and
               Yusuke Miyao},
  title     = {Proceedings of the 56th Annual Meeting of the Association for Computational
               Linguistics, {ACL} 2018, Melbourne, Australia, July 15-20, 2018, Volume
               1: Long Papers},
  publisher = {Association for Computational Linguistics},
  year      = {2018},
  url       = {https://aclanthology.info/volumes/proceedings-of-the-56th-annual-meeting-of-the-association-for-computational-linguistics-volume-1-long-papers},
  isbn      = {978-1-948087-32-2},
  timestamp = {Thu, 12 Jul 2018 14:15:55 +0200},
  biburl    = {https://dblp.org/rec/bib/conf/acl/2018-1},
  bibsource = {dblp computer science bibliography, https://dblp.org}
}

