@article{DBLP:journals/pacmhci/ZhangDST18,
  author    = {Justine Zhang and
               Cristian Danescu{-}Niculescu{-}Mizil and
               Christina Sauper and
               Sean J. Taylor},
  title     = {Characterizing Online Public Discussions through Patterns of Participant
               Interactions},
  journal   = {{PACMHCI}},
  volume    = {2},
  number    = {{CSCW}},
  pages     = {198:1--198:27},
  year      = {2018},
  url       = {https://doi.org/10.1145/3274467},
  doi       = {10.1145/3274467},
  timestamp = {Tue, 29 Jan 2019 13:21:41 +0100},
  biburl    = {https://dblp.org/rec/bib/journals/pacmhci/ZhangDST18},
  bibsource = {dblp computer science bibliography, https://dblp.org}
}

