@incollection{Rumelhart:1988:LRB:65669.104451,
    author = {Rumelhart, David E. and Hinton, Geoffrey E. and Williams, Ronald J.},
    chapter = {Learning Representations by Back-propagating Errors},
    title = {Neurocomputing: Foundations of Research},
    editor = {Anderson, James A. and Rosenfeld, Edward},
    year = {1988},
    pages = {696--699},
    publisher = {MIT Press},
}


@incollection{Rumelhart:1986:LIR:104279.104293,
    author = {Rumelhart, D. E. and Hinton, G. E. and Williams, R. J.},
    title = {Parallel Distributed Processing: Explorations in the Microstructure of Cognition, Vol. 1},
    editor = {Rumelhart, David E. and McClelland, James L. and PDP Research Group, CORPORATE},
    year = {1986},
    pages = {318--362},
    publisher = {MIT Press},
}