@article{harris54,
    author = {Harris, Zellig},
    journal = {Word},
    key = {Harris},
    number = 23,
    pages = {146--162},
    title = {Distributional structure},
    volume = 10,
    year = 1954
}
