@inproceedings{DBLP:conf/acl/Banchs12,
  author    = {Rafael E. Banchs},
  title     = {Movie-DiC: a Movie Dialogue Corpus for Research and Development},
  booktitle = {The 50th Annual Meeting of the Association for Computational Linguistics,
               Proceedings of the Conference, July 8-14, 2012, Jeju Island, Korea
               - Volume 2: Short Papers},
  pages     = {203--207},
  year      = {2012},
  crossref  = {DBLP:conf/acl/2012-2},
  url       = {http://www.aclweb.org/anthology/P12-2040},
  timestamp = {Wed, 15 Aug 2012 09:10:28 +0200},
  biburl    = {https://dblp.org/rec/bib/conf/acl/Banchs12},
  bibsource = {dblp computer science bibliography, https://dblp.org}
}

@proceedings{DBLP:conf/acl/2012-2,
  title     = {The 50th Annual Meeting of the Association for Computational Linguistics,
               Proceedings of the Conference, July 8-14, 2012, Jeju Island, Korea
               - Volume 2: Short Papers},
  publisher = {The Association for Computer Linguistics},
  year      = {2012},
  isbn      = {978-1-937284-25-1},
  timestamp = {Wed, 15 Aug 2012 08:23:31 +0200},
  biburl    = {https://dblp.org/rec/bib/conf/acl/2012-2},
  bibsource = {dblp computer science bibliography, https://dblp.org}
}

