@inproceedings{DBLP:conf/interspeech/Young02,
  author    = {Steve J. Young},
  title     = {Talking to machines (statistically speaking)},
  booktitle = {7th International Conference on Spoken Language Processing, {ICSLP2002}
               - {INTERSPEECH} 2002, Denver, Colorado, USA, September 16-20, 2002},
  year      = {2002},
  crossref  = {DBLP:conf/interspeech/2002},
  url       = {http://www.isca-speech.org/archive/icslp\_2002/i02\_0009.html},
  timestamp = {Fri, 12 Dec 2014 08:23:52 +0100},
  biburl    = {https://dblp.org/rec/bib/conf/interspeech/Young02},
  bibsource = {dblp computer science bibliography, https://dblp.org}
}

@proceedings{DBLP:conf/interspeech/2002,
  editor    = {John H. L. Hansen and
               Bryan L. Pellom},
  title     = {7th International Conference on Spoken Language Processing, {ICSLP2002}
               - {INTERSPEECH} 2002, Denver, Colorado, USA, September 16-20, 2002},
  publisher = {{ISCA}},
  year      = {2002},
  timestamp = {Mon, 21 Mar 2011 15:38:26 +0100},
  biburl    = {https://dblp.org/rec/bib/conf/interspeech/2002},
  bibsource = {dblp computer science bibliography, https://dblp.org}
}

