@inproceedings{DBLP:conf/iva/AmeixaCFQ14,
  author    = {David Ameixa and
               Lu{\'{\i}}sa Coheur and
               Pedro Fialho and
               Paulo Quaresma},
  title     = {Luke, {I} am Your Father: Dealing with Out-of-Domain Requests by Using
               Movies Subtitles},
  booktitle = {Intelligent Virtual Agents - 14th International Conference, {IVA}
               2014, Boston, MA, USA, August 27-29, 2014. Proceedings},
  pages     = {13--21},
  year      = {2014},
  crossref  = {DBLP:conf/iva/2014},
  url       = {https://doi.org/10.1007/978-3-319-09767-1\_2},
  doi       = {10.1007/978-3-319-09767-1\_2},
  timestamp = {Thu, 15 Jun 2017 21:39:17 +0200},
  biburl    = {https://dblp.org/rec/bib/conf/iva/AmeixaCFQ14},
  bibsource = {dblp computer science bibliography, https://dblp.org}
}

@proceedings{DBLP:conf/iva/2014,
  editor    = {Timothy W. Bickmore and
               Stacy Marsella and
               Candace L. Sidner},
  title     = {Intelligent Virtual Agents - 14th International Conference, {IVA}
               2014, Boston, MA, USA, August 27-29, 2014. Proceedings},
  series    = {Lecture Notes in Computer Science},
  volume    = {8637},
  publisher = {Springer},
  year      = {2014},
  url       = {https://doi.org/10.1007/978-3-319-09767-1},
  doi       = {10.1007/978-3-319-09767-1},
  isbn      = {978-3-319-09766-4},
  timestamp = {Sun, 21 May 2017 00:19:05 +0200},
  biburl    = {https://dblp.org/rec/bib/conf/iva/2014},
  bibsource = {dblp computer science bibliography, https://dblp.org}
}

