@inproceedings{DBLP:conf/acl/LoweNSABP17,
  author    = {Ryan Lowe and
               Michael Noseworthy and
               Iulian Vlad Serban and
               Nicolas Angelard{-}Gontier and
               Yoshua Bengio and
               Joelle Pineau},
  title     = {Towards an Automatic Turing Test: Learning to Evaluate Dialogue Responses},
  booktitle = {Proceedings of the 55th Annual Meeting of the Association for Computational
               Linguistics, {ACL} 2017, Vancouver, Canada, July 30 - August 4, Volume
               1: Long Papers},
  pages     = {1116--1126},
  year      = {2017},
  crossref  = {DBLP:conf/acl/2017-1},
  url       = {https://doi.org/10.18653/v1/P17-1103},
  doi       = {10.18653/v1/P17-1103},
  timestamp = {Fri, 04 Aug 2017 16:38:24 +0200},
  biburl    = {https://dblp.org/rec/bib/conf/acl/LoweNSABP17},
  bibsource = {dblp computer science bibliography, https://dblp.org}
}

@proceedings{DBLP:conf/acl/2017-1,
  editor    = {Regina Barzilay and
               Min{-}Yen Kan},
  title     = {Proceedings of the 55th Annual Meeting of the Association for Computational
               Linguistics, {ACL} 2017, Vancouver, Canada, July 30 - August 4, Volume
               1: Long Papers},
  publisher = {Association for Computational Linguistics},
  year      = {2017},
  url       = {http://aclanthology.info/volumes/proceedings-of-the-55th-annual-meeting-of-the-association-for-computational-linguistics-volume-1-long-papers},
  isbn      = {978-1-945626-75-3},
  timestamp = {Fri, 04 Aug 2017 16:38:24 +0200},
  biburl    = {https://dblp.org/rec/bib/conf/acl/2017-1},
  bibsource = {dblp computer science bibliography, https://dblp.org}
}

