@article{DBLP:journals/corr/SerbanLCP15,
  author    = {Iulian Vlad Serban and
               Ryan Lowe and
               Peter Henderson and
               Laurent Charlin and
               Joelle Pineau},
  title     = {A Survey of Available Corpora for Building Data-Driven Dialogue Systems},
  journal   = {CoRR},
  volume    = {abs/1512.05742},
  year      = {2015},
  url       = {http://arxiv.org/abs/1512.05742},
  archivePrefix = {arXiv},
  eprint    = {1512.05742},
  timestamp = {Mon, 13 Aug 2018 16:48:00 +0200},
  biburl    = {https://dblp.org/rec/bib/journals/corr/SerbanLCP15},
  bibsource = {dblp computer science bibliography, https://dblp.org}
}

