@inproceedings{DBLP:conf/emnlp/LiMSJRJ17,
  author    = {Jiwei Li and
               Will Monroe and
               Tianlin Shi and
               S{\'{e}}bastien Jean and
               Alan Ritter and
               Dan Jurafsky},
  title     = {Adversarial Learning for Neural Dialogue Generation},
  booktitle = {{EMNLP}},
  pages     = {2157--2169},
  publisher = {Association for Computational Linguistics},
  year      = {2017}
}

