@article{DBLP:journals/corr/LiMJ17a,
  author    = {Jiwei Li and
               Will Monroe and
               Dan Jurafsky},
  title     = {Data Distillation for Controlling Specificity in Dialogue Generation},
  journal   = {CoRR},
  volume    = {abs/1702.06703},
  year      = {2017},
  url       = {http://arxiv.org/abs/1702.06703},
  archivePrefix = {arXiv},
  eprint    = {1702.06703},
  timestamp = {Mon, 13 Aug 2018 16:47:50 +0200},
  biburl    = {https://dblp.org/rec/bib/journals/corr/LiMJ17a},
  bibsource = {dblp computer science bibliography, https://dblp.org}
}

