@article{DBLP:journals/corr/LiMJ17,
  author    = {Jiwei Li and
               Will Monroe and
               Dan Jurafsky},
  title     = {Learning to Decode for Future Success},
  journal   = {CoRR},
  volume    = {abs/1701.06549},
  year      = {2017},
  url       = {http://arxiv.org/abs/1701.06549},
  archivePrefix = {arXiv},
  eprint    = {1701.06549},
  timestamp = {Mon, 13 Aug 2018 16:48:20 +0200},
  biburl    = {https://dblp.org/rec/bib/journals/corr/LiMJ17},
  bibsource = {dblp computer science bibliography, https://dblp.org}
}

