@article{DBLP:journals/corr/LiMJ16,
  author    = {Jiwei Li and
               Will Monroe and
               Dan Jurafsky},
  title     = {A Simple, Fast Diverse Decoding Algorithm for Neural Generation},
  journal   = {CoRR},
  volume    = {abs/1611.08562},
  year      = {2016},
  url       = {http://arxiv.org/abs/1611.08562},
  archivePrefix = {arXiv},
  eprint    = {1611.08562},
  timestamp = {Mon, 13 Aug 2018 16:48:46 +0200},
  biburl    = {https://dblp.org/rec/bib/journals/corr/LiMJ16},
  bibsource = {dblp computer science bibliography, https://dblp.org}
}

